@article{PhysRevD.108.072003,
  title = {Integrated and differential fiducial cross-section measurements for the vector boson fusion production of the Higgs boson in the $H\ensuremath{\rightarrow}W{W}^{*}\ensuremath{\rightarrow}e\ensuremath{\nu}\ensuremath{\mu}\ensuremath{\nu}$ decay channel at 13 TeV with the ATLAS detector},
  author = {Aad, G. and Abbott, B. and Abeling, K. and Abicht, N. J. and Abidi, S. H. and Aboulhorma, A. and Abramowicz, H. and Abreu, H. and Abulaiti, Y. and Abusleme Hoffman, A. C. and Acharya, B. S. and Adam Bourdarios, C. and Adamczyk, L. and Adamek, L. and Addepalli, S. V. and Addison, M. J. and Adelman, J. and Adiguzel, A. and Adye, T. and Affolder, A. A. and Afik, Y. and Agaras, M. N. and Agarwala, J. and Aggarwal, A. and Agheorghiesei, C. and Ahmad, A. and Ahmadov, F. and Ahmed, W. S. and Ahuja, S. and Ai, X. and Aielli, G. and Ait Tamlihat, M. and Aitbenchikh, B. and Aizenberg, I. and Akbiyik, M. and \AA{}kesson, T. P. A. and Akimov, A. V. and Akiyama, D. and Akolkar, N. N. and Al Khoury, K. and Alberghi, G. L. and Albert, J. and Albicocco, P. and Albouy, G. L. and Alderweireldt, S. and Aleksa, M. and Aleksandrov, I. N. and Alexa, C. and Alexopoulos, T. and Alfonsi, A. and Alfonsi, F. and Algren, M. and Alhroob, M. and Ali, B. and Ali, H. M. J. and Ali, S. and Alibocus, S. W. and Aliev, M. and Alimonti, G. and Alkakhi, W. and Allaire, C. and Allbrooke, B. M. M. and Allen, J. F. and Allendes Flores, C. A. and Allport, P. P. and Aloisio, A. and Alonso, F. and Alpigiani, C. and Alvarez Estevez, M. and Alvarez Fernandez, A. and Alviggi, M. G. and Aly, M. and Amaral Coutinho, Y. and Ambler, A. and Amelung, C. and Amerl, M. and Ames, C. G. and Amidei, D. and Amor Dos Santos, S. P. and Amos, K. R. and Ananiev, V. and Anastopoulos, C. and Andeen, T. and Anders, J. K. and Andrean, S. Y. and Andreazza, A. and Angelidakis, S. and Angerami, A. and Anisenkov, A. V. and Annovi, A. and Antel, C. and Anthony, M. T. and Antipov, E. and Antonelli, M. and Antrim, D. J. A. and Anulli, F. and Aoki, M. and Aoki, T. and Aparisi Pozo, J. A. and Aparo, M. A. and Aperio Bella, L. and Appelt, C. and Aranzabal, N. and Arcangeletti, C. and Arce, A. T. H. and Arena, E. and Arguin, J-F. and Argyropoulos, S. and Arling, J.-H. and Armbruster, A. J. and Arnaez, O. and Arnold, H. and Arrubarrena Tame, Z. P. and Artoni, G. and Asada, H. and Asai, K. and Asai, S. and Asbah, N. A. and Assahsah, J. and Assamagan, K. and Astalos, R. and Atashi, S. and Atkin, R. J. and Atkinson, M. and Atlay, N. B. and Atmani, H. and Atmasiddha, P. A. and Augsten, K. and Auricchio, S. and Auriol, A. D. and Austrup, V. A. and Avolio, G. and Axiotis, K. and Azuelos, G. and Babal, D. and Bachacou, H. and Bachas, K. and Bachiu, A. and Backman, F. and Badea, A. and Bagnaia, P. and Bahmani, M. and Bailey, A. J. and Bailey, V. R. and Baines, J. T. and Baines, L. and Bakalis, C. and Baker, O. K. and Bakos, E. and Bakshi Gupta, D. and Balasubramanian, R. and Baldin, E. M. and Balek, P. and Ballabene, E. and Balli, F. and Baltes, L. M. and Balunas, W. K. and Balz, J. and Banas, E. and Bandieramonte, M. and Bandyopadhyay, A. and Bansal, S. and Barak, L. and Barakat, M. and Barberio, E. L. and Barberis, D. and Barbero, M. and Barbour, G. and Barends, K. N. and Barillari, T. and Barisits, M-S. and Barklow, T. and Baron, P. and Baron Moreno, D. A. and Baroncelli, A. and Barone, G. and Barr, A. J. and Barr, J. D. and Barranco Navarro, L. and Barreiro, F. and Barreiro Guimar\~aes da Costa, J. and Barron, U. and Barros Teixeira, M. G. and Barsov, S. and Bartels, F. and Bartoldus, R. and Barton, A. E. and Bartos, P. and Basan, A. and Baselga, M. and Bassalat, A. and Basso, M. J. and Basson, C. R. and Bates, R. L. and Batlamous, S. and Batley, J. R. and Batool, B. and Battaglia, M. and Battulga, D. and Bauce, M. and Bauer, M. and Bauer, P. and Bazzano Hurrell, L. T. and Beacham, J. B. and Beau, T. and Beauchemin, P. H. and Becherer, F. and Bechtle, P. and Beck, H. P. and Becker, K. and Beddall, A. J. and Bednyakov, V. A. and Bee, C. P. and Beemster, L. J. and Beermann, T. A. and Begalli, M. and Begel, M. and Behera, A. and Behr, J. K. and Beirer, J. F. and Beisiegel, F. and Belfkir, M. and Bella, G. and Bellagamba, L. and Bellerive, A. and Bellos, P. and Beloborodov, K. and Belyaev, N. L. and Benchekroun, D. and Bendebba, F. and Benhammou, Y. and Benoit, M. and Bensinger, J. R. and Bentvelsen, S. and Beresford, L. and Beretta, M. and Bergeaas Kuutmann, E. and Berger, N. and Bergmann, B. and Beringer, J. and Bernardi, G. and Bernius, C. and Bernlochner, F. U. and Bernon, F. and Berry, T. and Berta, P. and Berthold, A. and Bertram, I. A. and Bethke, S. and Betti, A. and Bevan, A. J. and Bhamjee, M. and Bhatta, S. and Bhattacharya, D. S. and Bhattarai, P. and Bhopatkar, V. S. and Bi, R. and Bianchi, R. M. and Bianco, G. and Biebel, O. and Bielski, R. and Biglietti, M. and Billoud, T. R. V. and Bindi, M. and Bingul, A. and Bini, C. and Biondini, A. and Birch-sykes, C. J. and Bird, G. A. and Birman, M. and Biros, M. and Bisanz, T. and Bisceglie, E. and Biswas, D. and Bitadze, A. and Bj\o{}rke, K. and Bloch, I. and Blocker, C. and Blue, A. and Blumenschein, U. and Blumenthal, J. and Bobbink, G. J. and Bobrovnikov, V. S. and Boehler, M. and Boehm, B. and Bogavac, D. and Bogdanchikov, A. G. and Bohm, C. and Boisvert, V. and Bokan, P. and Bold, T. and Bomben, M. and Bona, M. and Boonekamp, M. and Booth, C. D. and Borb\'ely, A. G. and Bordulev, I. S. and Borecka-Bielska, H. M. and Borgna, L. S. and Borissov, G. and Bortoletto, D. and Boscherini, D. and Bosman, M. and Bossio Sola, J. D. and Bouaouda, K. and Bouchhar, N. and Boudreau, J. and Bouhova-Thacker, E. V. and Boumediene, D. and Bouquet, R. and Boveia, A. and Boyd, J. and Boye, D. and Boyko, I. R. and Bracinik, J. and Brahimi, N. and Brandt, G. and Brandt, O. and Braren, F. and Brau, B. and Brau, J. E. and Brener, R. and Brenner, L. and Brenner, R. and Bressler, S. and Britton, D. and Britzger, D. and Brock, I. and Brooijmans, G. and Brooks, W. K. and Brost, E. and Brown, L. M. and Bruce, L. E. and Bruckler, T. L. and Bruckman de Renstrom, P. A. and Br\"uers, B. and Bruncko, D. and Bruni, A. and Bruni, G. and Bruschi, M. and Bruscino, N. and Buanes, T. and Buat, Q. and Buchin, D. and Buckley, A. G. and Bugge, M. K. and Bulekov, O. and Bullard, B. A. and Burdin, S. and Burgard, C. D. and Burger, A. M. and Burghgrave, B. and Burlayenko, O. and Burr, J. T. P. and Burton, C. D. and Burzynski, J. C. and Busch, E. L. and B\"uscher, V. and Bussey, P. J. and Butler, J. M. and Buttar, C. M. and Butterworth, J. M. and Buttinger, W. and Buxo Vazquez, C. J. and Buzykaev, A. R. and Cabras, G. and Cabrera Urb\'an, S. and Caforio, D. and Cai, H. and Cai, Y. and Cairo, V. M. M. and Cakir, O. and Calace, N. and Calafiura, P. and Calderini, G. and Calfayan, P. and Callea, G. and Caloba, L. P. and Calvet, D. and Calvet, S. and Calvet, T. P. and Calvetti, M. and Camacho Toro, R. and Camarda, S. and Camarero Munoz, D. and Camarri, P. and Camerlingo, M. T. and Cameron, D. and Camincher, C. and Campanelli, M. and Camplani, A. and Canale, V. and Canesse, A. and Cano Bret, M. and Cantero, J. and Cao, Y. and Capocasa, F. and Capua, M. and Carbone, A. and Cardarelli, R. and Cardenas, J. C. J. and Cardillo, F. and Carli, T. and Carlino, G. and Carlotto, J. I. and Carlson, B. T. and Carlson, E. M. and Carminati, L. and Carnelli, A. and Carnesale, M. and Caron, S. and Carquin, E. and Carr\'a, S. and Carratta, G. and Carrio Argos, F. and Carter, J. W. S. and Carter, T. M. and Casado, M. P. and Caspar, M. and Castiglia, E. G. and Castillo, F. L. and Castillo Garcia, L. and Castillo Gimenez, V. and Castro, N. F. and Catinaccio, A. and Catmore, J. R. and Cavaliere, V. and Cavalli, N. and Cavasinni, V. and Cekmecelioglu, Y. C. and Celebi, E. and Celli, F. and Centonze, M. S. and Cerny, K. and Cerqueira, A. S. and Cerri, A. and Cerrito, L. and Cerutti, F. and Cervato, B. and Cervelli, A. and Cesarini, G. and Cetin, S. A. and Chadi, Z. and Chakraborty, D. and Chala, M. and Chan, J. and Chan, W. Y. and Chapman, J. D. and Chapon, E. and Chargeishvili, B. and Charlton, D. G. and Charman, T. P. and Chatterjee, M. and Chauhan, C. and Chekanov, S. and Chekulaev, S. V. and Chelkov, G. A. and Chen, A. and Chen, B. and Chen, B. and Chen, H. and Chen, H. and Chen, J. and Chen, J. and Chen, M. and Chen, S. and Chen, S. J. and Chen, X. and Chen, X. and Chen, Y. and Cheng, C. L. and Cheng, H. C. and Cheong, S. and Cheplakov, A. and Cheremushkina, E. and Cherepanova, E. and Cherkaoui El Moursli, R. and Cheu, E. and Cheung, K. and Chevalier, L. and Chiarella, V. and Chiarelli, G. and Chiedde, N. and Chiodini, G. and Chisholm, A. S. and Chitan, A. and Chitishvili, M. and Chizhov, M. V. and Choi, K. and Chomont, A. R. and Chou, Y. and Chow, E. Y. S. and Chowdhury, T. and Chu, K. L. and Chu, M. C. and Chu, X. and Chudoba, J. and Chwastowski, J. J. and Cieri, D. and Ciesla, K. M. and Cindro, V. and Ciocio, A. and Cirotto, F. and Citron, Z. H. and Citterio, M. and Ciubotaru, D. A. and Ciungu, B. M. and Clark, A. and Clark, P. J. and Clavijo Columbie, J. M. and Clawson, S. E. and Clement, C. and Clercx, J. and Clissa, L. and Coadou, Y. and Cobal, M. and Coccaro, A. and Coelho Barrue, R. F. and Coelho Lopes De Sa, R. and Coelli, S. and Cohen, H. and Coimbra, A. E. C. and Cole, B. and Collot, J. and Conde Mui\~no, P. and Connell, M. P. and Connell, S. H. and Connelly, I. A. and Conroy, E. I. and Conventi, F. and Cooke, H. G. and Cooper-Sarkar, A. M. and Cordeiro Oudot Choi, A. and Cormier, F. and Corpe, L. D. and Corradi, M. and Corriveau, F. and Cortes-Gonzalez, A. and Costa, M. J. and Costanza, F. and Costanzo, D. and Cote, B. M. and Cowan, G. and Cranmer, K. and Cremonini, D. and Cr\'ep\'e-Renaudin, S. and Crescioli, F. and Cristinziani, M. and Cristoforetti, M. and Croft, V. and Crosby, J. E. and Crosetti, G. and Cueto, A. and Cuhadar Donszelmann, T. and Cui, H. and Cui, Z. and Cunningham, W. R. and Curcio, F. and Czodrowski, P. and Czurylo, M. M. and Da Cunha Sargedas De Sousa, M. J. and Da Fonseca Pinto, J. V. and Da Via, C. and Dabrowski, W. and Dado, T. and Dahbi, S. and Dai, T. and Dallapiccola, C. and Dam, M. and D'amen, G. and D'Amico, V. and Damp, J. and Dandoy, J. R. and Daneri, M. F. and Danninger, M. and Dao, V. and Darbo, G. and Darmora, S. and Das, S. J. and D'Auria, S. and David, C. and Davidek, T. and Davis-Purcell, B. and Dawson, I. and Day-hall, H. A. and De, K. and De Asmundis, R. and De Biase, N. and De Castro, S. and De Groot, N. and de Jong, P. and De la Torre, H. and De Maria, A. and De Salvo, A. and De Sanctis, U. and De Santo, A. and De Vivie De Regie, J. B. and Dedovich, D. V. and Degens, J. and Deiana, A. M. and Del Corso, F. and Del Peso, J. and Del Rio, F. and Deliot, F. and Delitzsch, C. M. and Della Pietra, M. and Della Volpe, D. and Dell'Acqua, A. and Dell'Asta, L. and Delmastro, M. and Delsart, P. A. and Demers, S. and Demichev, M. and Denisov, S. P. and D'Eramo, L. and Derendarz, D. and Derue, F. and Dervan, P. and Desch, K. and Deutsch, C. and Di Bello, F. A. and Di Ciaccio, A. and Di Ciaccio, L. and Di Domenico, A. and Di Donato, C. and Di Girolamo, A. and Di Gregorio, G. and Di Luca, A. and Di Micco, B. and Di Nardo, R. and Diaconu, C. and Dias, F. A. and Dias Do Vale, T. and Diaz, M. A. and Diaz Capriles, F. G. and Didenko, M. and Diehl, E. B. and Diehl, L. and D\'{\i}ez Cornell, S. and Diez Pardos, C. and Dimitriadi, C. and Dimitrievska, A. and Dingfelder, J. and Dinu, I-M. and Dittmeier, S. J. and Dittus, F. and Djama, F. and Djobava, T. and Djuvsland, J. I. and Doglioni, C. and Dolejsi, J. and Dolezal, Z. and Donadelli, M. and Dong, B. and Donini, J. and D'Onofrio, A. and D'Onofrio, M. and Dopke, J. and Doria, A. and Dos Santos Fernandes, N. and Dova, M. T. and Doyle, A. T. and Draguet, M. A. and Dreyer, E. and Drivas-koulouris, I. and Drobac, A. S. and Drozdova, M. and Du, D. and du Pree, T. A. and Dubinin, F. and Dubovsky, M. and Duchovni, E. and Duckeck, G. and Ducu, O. A. and Duda, D. and Dudarev, A. and Duden, E. R. and D'uffizi, M. and Duflot, L. and D\"uhrssen, M. and D\"ulsen, C. and Dumitriu, A. E. and Dunford, M. and Dungs, S. and Dunne, K. and Duperrin, A. and Duran Yildiz, H. and D\"uren, M. and Durglishvili, A. and Dwyer, B. L. and Dyckes, G. I. and Dyndal, M. and Dysch, S. and Dziedzic, B. S. and Earnshaw, Z. O. and Eberwein, G. H. and Eckerova, B. and Eggebrecht, S. and Eggleston, M. G. and Egidio Purcino De Souza, E. and Ehrke, L. F. and Eigen, G. and Einsweiler, K. and Ekelof, T. and Ekman, P. A. and El Ghazali, Y. and El Jarrari, H. and El Moussaouy, A. and Ellajosyula, V. and Ellert, M. and Ellinghaus, F. and Elliot, A. A. and Ellis, N. and Elmsheuser, J. and Elsing, M. and Emeliyanov, D. and Enari, Y. and Ene, I. and Epari, S. and Erdmann, J. and Erland, P. A. and Errenst, M. and Escalier, M. and Escobar, C. and Etzion, E. and Evans, G. and Evans, H. and Evans, L. S. and Evans, M. O. and Ezhilov, A. and Ezzarqtouni, S. and Fabbri, F. and Fabbri, L. and Facini, G. and Fadeyev, V. and Fakhrutdinov, R. M. and Falciano, S. and Falda Ulhoa Coelho, L. F. and Falke, P. J. and Faltova, J. and Fan, C. and Fan, Y. and Fang, Y. and Fanti, M. and Faraj, M. and Farazpay, Z. and Farbin, A. and Farilla, A. and Farooque, T. and Farrington, S. M. and Fassi, F. and Fassouliotis, D. and Faucci Giannelli, M. and Fawcett, W. J. and Fayard, L. and Federic, P. and Federicova, P. and Fedin, O. L. and Fedotov, G. and Feickert, M. and Feligioni, L. and Fell, A. and Fellers, D. E. and Feng, C. and Feng, M. and Feng, Z. and Fenton, M. J. and Fenyuk, A. B. and Ferencz, L. and Ferguson, R. A. M. and Fernandez Luengo, S. I. and Fernoux, M. J. V. and Ferrando, J. and Ferrari, A. and Ferrari, P. and Ferrari, R. and Ferrere, D. and Ferretti, C. and Fiedler, F. and Filip\ifmmode \check{c}\else \v{c}\fi{}i\ifmmode \check{c}\else \v{c}\fi{}, A. and Filmer, E. K. and Filthaut, F. and Fiolhais, M. C. N. and Fiorini, L. and Fisher, W. C. and Fitschen, T. and Fitzhugh, P. M. and Fleck, I. and Fleischmann, P. and Flick, T. and Flores, L. and Flores, M. and Flores Castillo, L. R. and Flores Sanz De Acedo, L. and Follega, F. M. and Fomin, N. and Foo, J. H. and Forland, B. C. and Formica, A. and Forti, A. C. and Fortin, E. and Fortman, A. W. and Foti, M. G. and Fountas, L. and Fournier, D. and Fox, H. and Francavilla, P. and Francescato, S. and Franchellucci, S. and Franchini, M. and Franchino, S. and Francis, D. and Franco, L. and Franconi, L. and Franklin, M. and Frattari, G. and Freegard, A. C. and Freund, W. S. and Frid, Y. Y. and Fritzsche, N. and Froch, A. and Froidevaux, D. and Frost, J. A. and Fu, Y. and Fujimoto, M. and Fullana Torregrosa, E. and Fung, K. Y. and Furtado De Simas Filho, E. and Furukawa, M. and Fuster, J. and Gabrielli, A. and Gabrielli, A. and Gadow, P. and Gagliardi, G. and Gagnon, L. G. and Gallas, E. J. and Gallop, B. J. and Gan, K. K. and Ganguly, S. and Gao, J. and Gao, Y. and Garay Walls, F. M. and Garcia, B. and Garc\'{\i}a, C. and Garcia Alonso, A. and Garcia Caffaro, A. G. and Garc\'{\i}a Navarro, J. E. and Garcia-Sciveres, M. and Gardner, G. L. and Gardner, R. W. and Garelli, N. and Garg, D. and Garg, R. B. and Gargan, J. M. and Garner, C. A. and Gasiorowski, S. J. and Gaspar, P. and Gaudio, G. and Gautam, V. and Gauzzi, P. and Gavrilenko, I. L. and Gavrilyuk, A. and Gay, C. and Gaycken, G. and Gazis, E. N. and Geanta, A. A. and Gee, C. M. and Gemme, C. and Genest, M. H. and Gentile, S. and George, S. and George, W. F. and Geralis, T. and Gessinger-Befurt, P. and Geyik, M. E. and Ghneimat, M. and Ghorbanian, K. and Ghosal, A. and Ghosh, A. and Ghosh, A. and Giacobbe, B. and Giagu, S. and Giannetti, P. and Giannini, A. and Gibson, S. M. and Gignac, M. and Gil, D. T. and Gilbert, A. K. and Gilbert, B. J. and Gillberg, D. and Gilles, G. and Gillwald, N. E. K. and Ginabat, L. and Gingrich, D. M. and Giordani, M. P. and Giraud, P. F. and Giugliarelli, G. and Giugni, D. and Giuli, F. and Gkialas, I. and Gladilin, L. K. and Glasman, C. and Gledhill, G. R. and Glisic, M. and Gnesi, I. and Go, Y. and Goblirsch-Kolb, M. and Gocke, B. and Godin, D. and Gokturk, B. and Goldfarb, S. and Golling, T. and Gololo, M. G. D. and Golubkov, D. and Gombas, J. P. and Gomes, A. and Gomes Da Silva, G. and Gomez Delegido, A. J. and Gon\ifmmode \mbox{\c{c}}\else \c{c}\fi{}alo, R. and Gonella, G. and Gonella, L. and Gongadze, A. and Gonnella, F. and Gonski, J. L. and Gonz\'alez Andana, R. Y. and Gonz\'alez de la Hoz, S. and Gonzalez Fernandez, S. and Gonzalez Lopez, R. and Gonzalez Renteria, C. and Gonzalez Suarez, R. and Gonzalez-Sevilla, S. and Gonzalvo Rodriguez, G. R. and Goossens, L. and Gorbounov, P. A. and Gorini, B. and Gorini, E. and Gori\ifmmode \check{s}\else \v{s}\fi{}ek, A. and Gosart, T. C. and Goshaw, A. T. and Gostkin, M. I. and Goswami, S. and Gottardo, C. A. and Gouighri, M. and Goumarre, V. and Goussiou, A. G. and Govender, N. and Grabowska-Bold, I. and Graham, K. and Gramstad, E. and Grancagnolo, S. and Grandi, M. and Gratchev, V. and Gravila, P. M. and Gravili, F. G. and Gray, H. M. and Greco, M. and Grefe, C. and Gregor, I. M. and Grenier, P. and Grieco, C. and Grillo, A. A. and Grimm, K. and Grinstein, S. and Grivaz, J.-F. and Gross, E. and Grosse-Knetter, J. and Grud, C. and Grundy, J. C. and Guan, L. and Guan, W. and Gubbels, C. and Guerrero Rojas, J. G. R. and Guerrieri, G. and Guescini, F. and Gugel, R. and Guhit, J. A. M. and Guida, A. and Guillemin, T. and Guilloton, E. and Guindon, S. and Guo, F. and Guo, J. and Guo, L. and Guo, Y. and Gupta, R. and Gurbuz, S. and Gurdasani, S. S. and Gustavino, G. and Guth, M. and Gutierrez, P. and Gutierrez Zagazeta, L. F. and Gutschow, C. and Gwenlan, C. and Gwilliam, C. B. and Haaland, E. S. and Haas, A. and Habedank, M. and Haber, C. and Hadavand, H. K. and Hadef, A. and Hadzic, S. and Hahn, J. J. and Haines, E. H. and Haleem, M. and Haley, J. and Hall, J. J. and Hallewell, G. D. and Halser, L. and Hamano, K. and Hamdaoui, H. and Hamer, M. and Hamity, G. N. and Hampshire, E. J. and Han, J. and Han, K. and Han, L. and Han, L. and Han, S. and Han, Y. F. and Hanagaki, K. and Hance, M. and Hangal, D. A. and Hanif, H. and Hank, M. D. and Hankache, R. and Hansen, J. B. and Hansen, J. D. and Hansen, P. H. and Hara, K. and Harada, D. and Harenberg, T. and Harkusha, S. and Harris, Y. T. and Harrison, N. M. and Harrison, P. F. and Hartman, N. M. and Hartmann, N. M. and Hasegawa, Y. and Hasib, A. and Haug, S. and Hauser, R. and Hawkes, C. M. and Hawkings, R. J. and Hayashi, Y. and Hayashida, S. and Hayden, D. and Hayes, C. and Hayes, R. L. and Hays, C. P. and Hays, J. M. and Hayward, H. S. and He, F. and He, M. and He, Y. and He, Y. and Heatley, N. B. and Hedberg, V. and Heggelund, A. L. and Hehir, N. D. and Heidegger, C. and Heidegger, K. K. and Heidorn, W. D. and Heilman, J. and Heim, S. and Heim, T. and Heinlein, J. G. and Heinrich, J. J. and Heinrich, L. and Hejbal, J. and Helary, L. and Held, A. and Hellesund, S. and Helling, C. M. and Hellman, S. and Helsens, C. and Henderson, R. C. W. and Henkelmann, L. and Henriques Correia, A. M. and Herde, H. and Hern\'andez Jim\'enez, Y. and Herrmann, L. M. and Herrmann, T. and Herten, G. and Hertenberger, R. and Hervas, L. and Hesping, M. E. and Hessey, N. P. and Hibi, H. and Hillier, S. J. and Hinds, J. R. and Hinterkeuser, F. and Hirose, M. and Hirose, S. and Hirschbuehl, D. and Hitchings, T. G. and Hiti, B. and Hobbs, J. and Hobincu, R. and Hod, N. and Hodgkinson, M. C. and Hodkinson, B. H. and Hoecker, A. and Hofer, J. and Holm, T. and Holzbock, M. and Hommels, L. B. A. H. and Honan, B. P. and Hong, J. and Hong, T. M. and Hooberman, B. H. and Hopkins, W. H. and Horii, Y. and Hou, S. and Howard, A. S. and Howarth, J. and Hoya, J. and Hrabovsky, M. and Hrynevich, A. and Hryn'ova, T. and Hsu, P. J. and Hsu, S.-C. and Hu, Q. and Hu, Y. F. and Huang, S. and Huang, X. and Huang, Y. and Huang, Y. and Huang, Z. and Hubacek, Z. and Huebner, M. and Huegging, F. and Huffman, T. B. and Hugli, C. A. and Huhtinen, M. and Huiberts, S. K. and Hulsken, R. and Huseynov, N. and Huston, J. and Huth, J. and Hyneman, R. and Iacobucci, G. and Iakovidis, G. and Ibragimov, I. and Iconomidou-Fayard, L. and Iengo, P. and Iguchi, R. and Iizawa, T. and Ikegami, Y. and Ilic, N. and Imam, H. and Ince Lezki, M. and Ingebretsen Carlson, T. and Introzzi, G. and Iodice, M. and Ippolito, V. and Irwin, R. K. and Ishino, M. and Islam, W. and Issever, C. and Istin, S. and Ito, H. and Iturbe Ponce, J. M. and Iuppa, R. and Ivina, A. and Izen, J. M. and Izzo, V. and Jacka, P. and Jackson, P. and Jacobs, R. M. and Jaeger, B. P. and Jagfeld, C. S. and Jain, P. and J\"akel, G. and Jakobs, K. and Jakoubek, T. and Jamieson, J. and Janas, K. W. and Jaspan, A. E. and Javurkova, M. and Jeanneau, F. and Jeanty, L. and Jejelava, J. and Jenni, P. and Jessiman, C. E. and J\'ez\'equel, S. and Jia, C. and Jia, J. and Jia, X. and Jia, X. and Jia, Z. and Jiang, Y. and Jiggins, S. and Jimenez Pena, J. and Jin, S. and Jinaru, A. and Jinnouchi, O. and Johansson, P. and Johns, K. A. and Johnson, J. W. and Jones, D. M. and Jones, E. and Jones, P. and Jones, R. W. L. and Jones, T. J. and Joshi, R. and Jovicevic, J. and Ju, X. and Junggeburth, J. J. and Junkermann, T. and Juste Rozas, A. and Juzek, M. K. and Kabana, S. and Kaczmarska, A. and Kado, M. and Kagan, H. and Kagan, M. and Kahn, A. and Kahn, A. and Kahra, C. and Kaji, T. and Kajomovitz, E. and Kakati, N. and Kalaitzidou, I. and Kalderon, C. W. and Kamenshchikov, A. and Kanayama, S. and Kang, N. J. and Kar, D. and Karava, K. and Kareem, M. J. and Karentzos, E. and Karkanias, I. and Karkout, O. and Karpov, S. N. and Karpova, Z. M. and Kartvelishvili, V. and Karyukhin, A. N. and Kasimi, E. and Katzy, J. and Kaur, S. and Kawade, K. and Kawamoto, T. and Kay, E. F. and Kaya, F. I. and Kazakos, S. and Kazanin, V. F. and Ke, Y. and Keaveney, J. M. and Keeler, R. and Kehris, G. V. and Keller, J. S. and Kelly, A. S. and Kempster, J. J. and Kennedy, K. E. and Kennedy, P. D. and Kepka, O. and Kerridge, B. P. and Kersten, S. and Ker\ifmmode \check{s}\else \v{s}\fi{}evan, B. P. and Keshri, S. and Keszeghova, L. and Ketabchi Haghighat, S. and Khandoga, M. and Khanov, A. and Kharlamov, A. G. and Kharlamova, T. and Khoda, E. E. and Khoo, T. J. and Khoriauli, G. and Khubua, J. and Khwaira, Y. A. R. and Kiehn, M. and Kilgallon, A. and Kim, D. W. and Kim, Y. K. and Kimura, N. and Kirchhoff, A. and Kirfel, C. and Kirfel, F. and Kirk, J. and Kiryunin, A. E. and Kitsaki, C. and Kivernyk, O. and Klassen, M. and Klein, C. and Klein, L. and Klein, M. H. and Klein, M. and Klein, S. B. and Klein, U. and Klimek, P. and Klimentov, A. and Klioutchnikova, T. and Kluit, P. and Kluth, S. and Kneringer, E. and Knight, T. M. and Knue, A. and Kobayashi, R. and Koch, S. F. and Kocian, M. and Kody\ifmmode \check{s}\else \v{s}\fi{}, P. and Koeck, D. M. and Koenig, P. T. and Koffas, T. and Kolb, M. and Koletsou, I. and Komarek, T. and K\"oneke, K. and Kong, A. X. Y. and Kono, T. and Konstantinidis, N. and Konya, B. and Kopeliansky, R. and Koperny, S. and Korcyl, K. and Kordas, K. and Koren, G. and Korn, A. and Korn, S. and Korolkov, I. and Korotkova, N. and Kortman, B. and Kortner, O. and Kortner, S. and Kostecka, W. H. and Kostyukhin, V. V. and Kotsokechagia, A. and Kotwal, A. and Koulouris, A. and Kourkoumeli-Charalampidi, A. and Kourkoumelis, C. and Kourlitis, E. and Kovanda, O. and Kowalewski, R. and Kozanecki, W. and Kozhin, A. S. and Kramarenko, V. A. and Kramberger, G. and Kramer, P. and Krasny, M. W. and Krasznahorkay, A. and Kraus, J. W. and Kremer, J. A. and Kresse, T. and Kretzschmar, J. and Kreul, K. and Krieger, P. and Krishnamurthy, S. and Krivos, M. and Krizka, K. and Kroeninger, K. and Kroha, H. and Kroll, J. and Kroll, J. and Krowpman, K. S. and Kruchonak, U. and Kr\"uger, H. and Krumnack, N. and Kruse, M. C. and Krzysiak, J. A. and Kuchinskaia, O. and Kuday, S. and Kuehn, S. and Kuesters, R. and Kuhl, T. and Kukhtin, V. and Kulchitsky, Y. and Kuleshov, S. and Kumar, M. and Kumari, N. and Kupco, A. and Kupfer, T. and Kupich, A. and Kuprash, O. and Kurashige, H. and Kurchaninov, L. L. and Kurdysh, O. and Kurochkin, Y. A. and Kurova, A. and Kuze, M. and Kvam, A. K. and Kvita, J. and Kwan, T. and Kyriacou, N. G. and Laatu, L. A. O. and Lacasta, C. and Lacava, F. and Lacker, H. and Lacour, D. and Lad, N. N. and Ladygin, E. and Laforge, B. and Lagouri, T. and Lai, S. and Lakomiec, I. K. and Lalloue, N. and Lambert, J. E. and Lammers, S. and Lampl, W. and Lampoudis, C. and Lancaster, A. N. and Lan\ifmmode \mbox{\c{c}}\else \c{c}\fi{}on, E. and Landgraf, U. and Landon, M. P. J. and Lang, V. S. and Langenberg, R. J. and Langrekken, O. K. B. and Lankford, A. J. and Lanni, F. and Lantzsch, K. and Lanza, A. and Lapertosa, A. and Laporte, J. F. and Lari, T. and Lasagni Manghi, F. and Lassnig, M. and Latonova, V. and Laudrain, A. and Laurier, A. and Lawlor, S. D. and Lawrence, Z. and Lazzaroni, M. and Le, B. and Le Boulicaut, E. M. and Leban, B. and Lebedev, A. and LeBlanc, M. and Ledroit-Guillon, F. and Lee, A. C. A. and Lee, S. C. and Lee, S. and Lee, T. F. and Leeuw, L. L. and Lefebvre, H. P. and Lefebvre, M. and Leggett, C. and Lehmann Miotto, G. and Leigh, M. and Leight, W. A. and Leinonen, W. and Leisos, A. and Leite, M. A. L. and Leitgeb, C. E. and Leitner, R. and Leney, K. J. C. and Lenz, T. and Leone, S. and Leonidopoulos, C. and Leopold, A. and Leroy, C. and Les, R. and Lester, C. G. and Levchenko, M. and Lev\^eque, J. and Levin, D. and Levinson, L. J. and Lewicki, M. P. and Lewis, D. J. and Li, A. and Li, B. and Li, C. and Li, C-Q. and Li, H. and Li, H. and Li, H. and Li, H. and Li, K. and Li, L. and Li, M. and Li, Q. Y. and Li, S. and Li, S. and Li, T. and Li, X. and Li, Z. and Li, Z. and Li, Z. and Li, Z. and Liang, Z. and Liberatore, M. and Liberti, B. and Lie, K. and Lieber Marin, J. and Lien, H. and Lin, K. and Lindley, R. E. and Lindon, J. H. and Linss, A. and Lipeles, E. and Lipniacka, A. and Lister, A. and Little, J. D. and Liu, B. and Liu, B. X. and Liu, D. and Liu, J. B. and Liu, J. K. K. and Liu, K. and Liu, M. and Liu, M. Y. and Liu, P. and Liu, Q. and Liu, X. and Liu, Y. and Liu, Y. L. and Liu, Y. W. and Llorente Merino, J. and Lloyd, S. L. and Lobodzinska, E. M. and Loch, P. and Loffredo, S. and Lohse, T. and Lohwasser, K. and Loiacono, E. and Lokajicek, M. and Lomas, J. D. and Long, J. D. and Longarini, I. and Longo, L. and Longo, R. and Lopez Paz, I. and Lopez Solis, A. and Lorenz, J. and Lorenzo Martinez, N. and Lory, A. M. and Loseva, O. and Lou, X. and Lou, X. and Lounis, A. and Love, J. and Love, P. A. and Lu, G. and Lu, M. and Lu, S. and Lu, Y. J. and Lubatti, H. J. and Luci, C. and Lucio Alves, F. L. and Lucotte, A. and Luehring, F. and Luise, I. and Lukianchuk, O. and Lundberg, O. and Lund-Jensen, B. and Luongo, N. A. and Lutz, M. S. and Lynn, D. and Lyons, H. and Lysak, R. and Lytken, E. and Lyubushkin, V. and Lyubushkina, T. and Lyukova, M. M. and Ma, H. and Ma, L. L. and Ma, Y. and Mac Donell, D. M. and Maccarrone, G. and MacDonald, J. C. and Madar, R. and Mader, W. F. and Maeda, J. and Maeno, T. and Maerker, M. and Maguire, H. and Maiboroda, V. and Maio, A. and Maj, K. and Majersky, O. and Majewski, S. and Makovec, N. and Maksimovic, V. and Malaescu, B. and Malecki, Pa. and Maleev, V. P. and Malek, F. and Mali, M. and Malito, D. and Mallik, U. and Maltezos, S. and Malyukov, S. and Mamuzic, J. and Mancini, G. and Manco, G. and Mandalia, J. P. and Mandi\ifmmode \acute{c}\else \'{c}\fi{}, I. and Manhaes de Andrade Filho, L. and Maniatis, I. M. and Manjarres Ramos, J. and Mankad, D. C. and Mann, A. and Mansoulie, B. and Manzoni, S. and Marantis, A. and Marchiori, G. and Marcisovsky, M. and Marcon, C. and Marinescu, M. and Marjanovic, M. and Marshall, E. J. and Marshall, Z. and Marti-Garcia, S. and Martin, T. A. and Martin, V. J. and Martin dit Latour, B. and Martinelli, L. and Martinez, M. and Martinez Agullo, P. and Martinez Outschoorn, V. I. and Martinez Suarez, P. and Martin-Haugh, S. and Martoiu, V. S. and Martyniuk, A. C. and Marzin, A. and Mascione, D. and Masetti, L. and Mashimo, T. and Masik, J. and Maslennikov, A. L. and Massa, L. and Massarotti, P. and Mastrandrea, P. and Mastroberardino, A. and Masubuchi, T. and Mathisen, T. and Matousek, J. and Matsuzawa, N. and Maurer, J. and Ma\ifmmode \check{c}\else \v{c}\fi{}ek, B. and Maximov, D. A. and Mazini, R. and Maznas, I. and Mazza, M. and Mazza, S. M. and Mazzeo, E. and Mc Ginn, C. and Mc Gowan, J. P. and Mc Kee, S. P. and McDonald, E. F. and McDougall, A. E. and Mcfayden, J. A. and McGovern, R. P. and Mchedlidze, G. and Mckenzie, R. P. and Mclachlan, T. C. and Mclaughlin, D. J. and McLean, K. D. and McMahon, S. J. and McNamara, P. C. and Mcpartland, C. M. and McPherson, R. A. and Mehlhase, S. and Mehta, A. and Melini, D. and Mellado Garcia, B. R. and Melo, A. H. and Meloni, F. and Mendes Jacques Da Costa, A. M. and Meng, H. Y. and Meng, L. and Menke, S. and Mentink, M. and Meoni, E. and Merlassino, C. and Merola, L. and Meroni, C. and Merz, G. and Meshkov, O. and Metcalfe, J. and Mete, A. S. and Meyer, C. and Meyer, J-P. and Middleton, R. P. and Mijovi\ifmmode \acute{c}\else \'{c}\fi{}, L. and Mikenberg, G. and Mikestikova, M. and Miku\ifmmode \check{z}\else \v{z}\fi{}, M. and Mildner, H. and Milic, A. and Milke, C. D. and Miller, D. W. and Miller, L. S. and Milov, A. and Milstead, D. A. and Min, T. and Minaenko, A. A. and Minashvili, I. A. and Mince, L. and Mincer, A. I. and Mindur, B. and Mineev, M. and Mino, Y. and Mir, L. M. and Miralles Lopez, M. and Mironova, M. and Mishima, A. and Missio, M. C. and Mitani, T. and Mitra, A. and Mitsou, V. A. and Miu, O. and Miyagawa, P. S. and Miyazaki, Y. and Mizukami, A. and Mkrtchyan, T. and Mlinarevic, M. and Mlinarevic, T. and Mlynarikova, M. and Mobius, S. and Mochizuki, K. and Moder, P. and Mogg, P. and Mohammed, A. F. and Mohapatra, S. and Mokgatitswane, G. and Moleri, L. and Mondal, B. and Mondal, S. and Monig, G. and M\"onig, K. and Monnier, E. and Monsonis Romero, L. and Montejo Berlingen, J. and Montella, M. and Monticelli, F. and Monzani, S. and Morange, N. and Moreira De Carvalho, A. L. and Moreno Ll\'acer, M. and Moreno Martinez, C. and Morettini, P. and Morgenstern, S. and Morii, M. and Morinaga, M. and Morley, A. K. and Morodei, F. and Morvaj, L. and Moschovakos, P. and Moser, B. and Mosidze, M. and Moskalets, T. and Moskvitina, P. and Moss, J. and Moyse, E. J. W. and Mtintsilana, O. and Muanza, S. and Mueller, J. and Muenstermann, D. and M\"uller, R. and Mullier, G. A. and Mullin, A. J. and Mullin, J. J. and Mungo, D. P. and Munoz Perez, D. and Munoz Sanchez, F. J. and Murin, M. and Murray, W. J. and Murrone, A. and Muse, J. M. and Mu\ifmmode \check{s}\else \v{s}\fi{}kinja, M. and Mwewa, C. and Myagkov, A. G. and Myers, A. J. and Myers, A. A. and Myers, G. and Myska, M. and Nachman, B. P. and Nackenhorst, O. and Nag, A. and Nagai, K. and Nagano, K. and Nagle, J. L. and Nagy, E. and Nairz, A. M. and Nakahama, Y. and Nakamura, K. and Nakkalil, K. and Nanjo, H. and Narayan, R. and Narayanan, E. A. and Naryshkin, I. and Naseri, M. and Nasri, S. and Nass, C. and Navarro, G. and Navarro-Gonzalez, J. and Nayak, R. and Nayaz, A. and Nechaeva, P. Y. and Nechansky, F. and Nedic, L. and Neep, T. J. and Negri, A. and Negrini, M. and Nellist, C. and Nelson, C. and Nelson, K. and Nemecek, S. and Nessi, M. and Neubauer, M. S. and Neuhaus, F. and Neundorf, J. and Newhouse, R. and Newman, P. R. and Ng, C. W. and Ng, Y. W. Y. and Ngair, B. and Nguyen, H. D. N. and Nickerson, R. B. and Nicolaidou, R. and Nielsen, J. and Niemeyer, M. and Niermann, J. and Nikiforou, N. and Nikolaenko, V. and Nikolic-Audit, I. and Nikolopoulos, K. and Nilsson, P. and Ninca, I. and Nindhito, H. R. and Ninio, G. and Nisati, A. and Nishu, N. and Nisius, R. and Nitschke, J-E. and Nkadimeng, E. K. and Noacco Rosende, S. J. and Nobe, T. and Noel, D. L. and Nommensen, T. and Norfolk, M. B. and Norisam, R. R. B. and Norman, B. J. and Novak, J. and Novak, T. and Novotny, L. and Novotny, R. and Nozka, L. and Ntekas, K. and Nunes De Moura Junior, N. M. J. and Nurse, E. and Ocariz, J. and Ochi, A. and Ochoa, I. and Oerdek, S. and Offermann, J. T. and Ogrodnik, A. and Oh, A. and Ohm, C. C. and Oide, H. and Oishi, R. and Ojeda, M. L. and Okazaki, Y. and O'Keefe, M. W. and Okumura, Y. and Oleiro Seabra, L. F. and Olivares Pino, S. A. and Oliveira Damazio, D. and Oliveira Goncalves, D. and Oliver, J. L. and Olsson, M. J. R. and Olszewski, A. and \"Oncel, \"O. O. and O'Neil, D. C. and O'Neill, A. P. and Onofre, A. and Onyisi, P. U. E. and Oreglia, M. J. and Orellana, G. E. and Orestano, D. and Orlando, N. and Orr, R. S. and O'Shea, V. and Ospanov, R. and Otero y Garzon, G. and Otono, H. and Ott, P. S. and Ottino, G. J. and Ouchrif, M. and Ouellette, J. and Ould-Saada, F. and Owen, M. and Owen, R. E. and Oyulmaz, K. Y. and Ozcan, V. E. and Ozturk, N. and Ozturk, S. and Pacey, H. A. and Pacheco Pages, A. and Padilla Aranda, C. and Padovano, G. and Pagan Griso, S. and Palacino, G. and Palazzo, A. and Palestini, S. and Pan, J. and Pan, T. and Panchal, D. K. and Pandini, C. E. and Panduro Vazquez, J. G. and Pang, H. and Pani, P. and Panizzo, G. and Paolozzi, L. and Papadatos, C. and Parajuli, S. and Paramonov, A. and Paraskevopoulos, C. and Paredes Hernandez, D. and Park, T. H. and Parker, M. A. and Parodi, F. and Parrish, E. W. and Parrish, V. A. and Parsons, J. A. and Parzefall, U. and Pascual Dias, B. and Pascual Dominguez, L. and Pasquali, F. and Pasqualucci, E. and Passaggio, S. and Pastore, F. and Pasuwan, P. and Patel, P. and Patel, U. M. and Pater, J. R. and Pauly, T. and Pearkes, J. and Pedersen, M. and Pedro, R. and Peleganchuk, S. V. and Penc, O. and Pender, E. A. and Peng, H. and Penski, K. E. and Penzin, M. and Peralva, B. S. and Pereira Peixoto, A. P. and Pereira Sanchez, L. and Perepelitsa, D. V. and Perez Codina, E. and Perganti, M. and Perini, L. and Pernegger, H. and Perrevoort, A. and Perrin, O. and Peters, K. and Peters, R. F. Y. and Petersen, B. A. and Petersen, T. C. and Petit, E. and Petousis, V. and Petridou, C. and Petrukhin, A. and Pettee, M. and Pettersson, N. E. and Petukhov, A. and Petukhova, K. and Peyaud, A. and Pezoa, R. and Pezzotti, L. and Pezzullo, G. and Pham, T. M. and Pham, T. and Phillips, P. W. and Piacquadio, G. and Pianori, E. and Piazza, F. and Piegaia, R. and Pietreanu, D. and Pilkington, A. D. and Pinamonti, M. and Pinfold, J. L. and Pinheiro Pereira, B. C. and Pinto Pinoargote, A. E. and Pitman Donaldson, C. and Pizzi, D. A. and Pizzimento, L. and Pizzini, A. and Pleier, M.-A. and Plesanovs, V. and Pleskot, V. and Plotnikova, E. and Poddar, G. and Poettgen, R. and Poggioli, L. and Pokharel, I. and Polacek, S. and Polesello, G. and Poley, A. and Polifka, R. and Polini, A. and Pollard, C. S. and Pollock, Z. B. and Polychronakos, V. and Pompa Pacchi, E. and Ponomarenko, D. and Pontecorvo, L. and Popa, S. and Popeneciu, G. A. and Poreba, A. and Portillo Quintero, D. M. and Pospisil, S. and Postill, M. A. and Postolache, P. and Potamianos, K. and Potepa, P. A. and Potrap, I. N. and Potter, C. J. and Potti, H. and Poulsen, T. and Poveda, J. and Pozo Astigarraga, M. E. and Prades Ibanez, A. and Pretel, J. and Price, D. and Primavera, M. and Principe Martin, M. A. and Privara, R. and Procter, T. and Proffitt, M. L. and Proklova, N. and Prokofiev, K. and Proto, G. and Protopopescu, S. and Proudfoot, J. and Przybycien, M. and Przygoda, W. W. and Puddefoot, J. E. and Pudzha, D. and Pyatiizbyantseva, D. and Qian, J. and Qichen, D. and Qin, Y. and Qiu, T. and Quadt, A. and Queitsch-Maitland, M. and Quetant, G. and Rabanal Bolanos, G. and Rafanoharana, D. and Ragusa, F. and Rainbolt, J. L. and Raine, J. A. and Rajagopalan, S. and Ramakoti, E. and Ran, K. and Rapheeha, N. P. and Rasheed, H. and Raskina, V. and Rassloff, D. F. and Rave, S. and Ravina, B. and Ravinovich, I. and Raymond, M. and Read, A. L. and Readioff, N. P. and Rebuzzi, D. M. and Redlinger, G. and Reed, A. S. and Reeves, K. and Reidelsturz, J. A. and Reikher, D. and Rej, A. and Rembser, C. and Renardi, A. and Renda, M. and Rendel, M. B. and Renner, F. and Rennie, A. G. and Resconi, S. and Ressegotti, M. and Rettie, S. and Reyes Rivera, J. G. and Reynolds, B. and Reynolds, E. and Rezanova, O. L. and Reznicek, P. and Ribaric, N. and Ricci, E. and Richter, R. and Richter, S. and Richter-Was, E. and Ridel, M. and Ridouani, S. and Rieck, P. and Riedler, P. and Rijssenbeek, M. and Rimoldi, A. and Rimoldi, M. and Rinaldi, L. and Rinn, T. T. and Rinnagel, M. P. and Ripellino, G. and Riu, I. and Rivadeneira, P. and Rivera Vergara, J. C. and Rizatdinova, F. and Rizvi, E. and Roberts, B. A. and Roberts, B. R. and Robertson, S. H. and Robin, M. and Robinson, D. and Robles Gajardo, C. M. and Robles Manzano, M. and Robson, A. and Rocchi, A. and Roda, C. and Rodriguez Bosca, S. and Rodriguez Garcia, Y. and Rodriguez Rodriguez, A. and Rodr\'{\i}guez Vera, A. M. and Roe, S. and Roemer, J. T. and Roepe-Gier, A. R. and Roggel, J. and R\o{}hne, O. and Rojas, R. A. and Roland, C. P. A. and Roloff, J. and Romaniouk, A. and Romano, E. and Romano, M. and Romero Hernandez, A. C. and Rompotis, N. and Roos, L. and Rosati, S. and Rosser, B. J. and Rossi, E. and Rossi, E. and Rossi, L. P. and Rossini, L. and Rosten, R. and Rotaru, M. and Rottler, B. and Rougier, C. and Rousseau, D. and Rousso, D. and Roy, A. and Roy-Garand, S. and Rozanov, A. and Rozen, Y. and Ruan, X. and Rubio Jimenez, A. and Ruby, A. J. and Ruelas Rivera, V. H. and Ruggeri, T. A. and Ruggiero, A. and Ruiz-Martinez, A. and Rummler, A. and Rurikova, Z. and Rusakovich, N. A. and Russell, H. L. and Russo, G. and Rutherfoord, J. P. and Rutherford Colmenares, S. and Rybacki, K. and Rybar, M. and Rye, E. B. and Ryzhov, A. and Sabater Iglesias, J. A. and Sabatini, P. and Sabetta, L. and Sadrozinski, H. F-W. and Safai Tehrani, F. and Safarzadeh Samani, B. and Safdari, M. and Saha, S. and Sahinsoy, M. and Saimpert, M. and Saito, M. and Saito, T. and Salamani, D. and Salnikov, A. and Salt, J. and Salvador Salas, A. and Salvatore, D. and Salvatore, F. and Salzburger, A. and Sammel, D. and Sampsonidis, D. and Sampsonidou, D. and S\'anchez, J. and Sanchez Pineda, A. and Sanchez Sebastian, V. and Sandaker, H. and Sander, C. O. and Sandesara, J. A. and Sandhoff, M. and Sandoval, C. and Sankey, D. P. C. and Sano, T. and Sansoni, A. and Santi, L. and Santoni, C. and Santos, H. and Santpur, S. N. and Santra, A. and Saoucha, K. A. and Saraiva, J. G. and Sardain, J. and Sasaki, O. and Sato, K. and Sauer, C. and Sauerburger, F. and Sauvan, E. and Savard, P. and Sawada, R. and Sawyer, C. and Sawyer, L. and Sayago Galvan, I. and Sbarra, C. and Sbrizzi, A. and Scanlon, T. and Schaarschmidt, J. and Schacht, P. and Schaefer, D. and Sch\"afer, U. and Schaffer, A. C. and Schaile, D. and Schamberger, R. D. and Scharf, C. and Schefer, M. M. and Schegelsky, V. A. and Scheirich, D. and Schenck, F. and Schernau, M. and Scheulen, C. and Schiavi, C. and Schioppa, E. J. and Schioppa, M. and Schlag, B. and Schleicher, K. E. and Schlenker, S. and Schmeing, J. and Schmidt, M. A. and Schmieden, K. and Schmitt, C. and Schmitt, S. and Schoeffel, L. and Schoening, A. and Scholer, P. G. and Schopf, E. and Schott, M. and Schovancova, J. and Schramm, S. and Schroeder, F. and Schroer, T. and Schultz-Coulon, H-C. and Schumacher, M. and Schumm, B. A. and Schune, Ph. and Schuy, A. J. and Schwartz, H. R. and Schwartzman, A. and Schwarz, T. A. and Schwemling, Ph. and Schwienhorst, R. and Sciandra, A. and Sciolla, G. and Scuri, F. and Sebastiani, C. D. and Sedlaczek, K. and Seema, P. and Seidel, S. C. and Seiden, A. and Seidlitz, B. D. and Seitz, C. and Seixas, J. M. and Sekhniaidze, G. and Sekula, S. J. and Selem, L. and Semprini-Cesari, N. and Sengupta, D. and Senthilkumar, V. and Serin, L. and Serkin, L. and Sessa, M. and Severini, H. and Sforza, F. and Sfyrla, A. and Shabalina, E. and Shaheen, R. and Shahinian, J. D. and Shaked Renous, D. and Shan, L. Y. and Shapiro, M. and Sharma, A. and Sharma, A. S. and Sharma, P. and Sharma, S. and Shatalov, P. B. and Shaw, K. and Shaw, S. M. and Shcherbakova, A. and Shen, Q. and Sherwood, P. and Shi, L. and Shi, X. and Shimmin, C. O. and Shimogama, Y. and Shinner, J. D. and Shipsey, I. P. J. and Shirabe, S. and Shiyakova, M. and Shlomi, J. and Shochet, M. J. and Shojaii, J. and Shope, D. R. and Shrestha, S. and Shrif, E. M. and Shroff, M. J. and Sicho, P. and Sickles, A. M. and Sideras Haddad, E. and Sidoti, A. and Siegert, F. and Sijacki, Dj. and Sikora, R. and Sili, F. and Silva, J. M. and Silva Oliveira, M. V. and Silverstein, S. B. and Simion, S. and Simoniello, R. and Simpson, E. L. and Simpson, H. and Simpson, L. R. and Simpson, N. D. and Simsek, S. and Sindhu, S. and Sinervo, P. and Singh, S. and Sinha, S. and Sinha, S. and Sioli, M. and Siral, I. and Sitnikova, E. and Sivoklokov, S. Yu. and Sj\"olin, J. and Skaf, A. and Skorda, E. and Skubic, P. and Slawinska, M. and Smakhtin, V. and Smart, B. H. and Smiesko, J. and Smirnov, S. Yu. and Smirnov, Y. and Smirnova, L. N. and Smirnova, O. and Smith, A. C. and Smith, E. A. and Smith, H. A. and Smith, J. L. and Smith, R. and Smizanska, M. and Smolek, K. and Snesarev, A. A. and Snider, S. R. and Snoek, H. L. and Snyder, S. and Sobie, R. and Soffer, A. and Solans Sanchez, C. A. and Soldatov, E. Yu. and Soldevila, U. and Solodkov, A. A. and Solomon, S. and Soloshenko, A. and Solovieva, K. and Solovyanov, O. V. and Solovyev, V. and Sommer, P. and Sonay, A. and Song, W. Y. and Sonneveld, J. M. and Sopczak, A. and Sopio, A. L. and Sopkova, F. and Sothilingam, V. and Sottocornola, S. and Soualah, R. and Soumaimi, Z. and South, D. and Spagnolo, S. and Spalla, M. and Sperlich, D. and Spigo, G. and Spina, M. and Spinali, S. and Spiteri, D. P. and Spousta, M. and Staats, E. J. and Stabile, A. and Stamen, R. and Stamenkovic, M. and Stampekis, A. and Standke, M. and Stanecka, E. and Stange, M. V. and Stanislaus, B. and Stanitzki, M. M. and Stapf, B. and Starchenko, E. A. and Stark, G. H. and Stark, J. and Starko, D. M. and Staroba, P. and Starovoitov, P. and St\"arz, S. and Staszewski, R. and Stavropoulos, G. and Steentoft, J. and Steinberg, P. and Stelzer, B. and Stelzer, H. J. and Stelzer-Chilton, O. and Stenzel, H. and Stevenson, T. J. and Stewart, G. A. and Stewart, J. R. and Stockton, M. C. and Stoicea, G. and Stolarski, M. and Stonjek, S. and Straessner, A. and Strandberg, J. and Strandberg, S. and Strauss, M. and Strebler, T. and Strizenec, P. and Str\"ohmer, R. and Strom, D. M. and Strom, L. R. and Stroynowski, R. and Strubig, A. and Stucci, S. A. and Stugu, B. and Stupak, J. and Styles, N. A. and Su, D. and Su, S. and Su, W. and Su, X. and Sugizaki, K. and Sulin, V. V. and Sullivan, M. J. and Sultan, D. M. S. and Sultanaliyeva, L. and Sultansoy, S. and Sumida, T. and Sun, S. and Sun, S. and Sunneborn Gudnadottir, O. and Sutton, M. R. and Suzuki, H. and Svatos, M. and Swiatlowski, M. and Swirski, T. and Sykora, I. and Sykora, M. and Sykora, T. and Ta, D. and Tackmann, K. and Taffard, A. and Tafirout, R. and Tafoya Vargas, J. S. and Takashima, R. and Takeva, E. P. and Takubo, Y. and Talby, M. and Talyshev, A. A. and Tam, K. C. and Tamir, N. M. and Tanaka, A. and Tanaka, J. and Tanaka, R. and Tanasini, M. and Tao, Z. and Tapia Araya, S. and Tapprogge, S. and Tarek Abouelfadl Mohamed, A. and Tarem, S. and Tariq, K. and Tarna, G. and Tartarelli, G. F. and Tas, P. and Tasevsky, M. and Tassi, E. and Tate, A. C. and Tateno, G. and Tayalati, Y. and Taylor, G. N. and Taylor, W. and Teagle, H. and Tee, A. S. and Teixeira De Lima, R. and Teixeira-Dias, P. and Teoh, J. J. and Terashi, K. and Terron, J. and Terzo, S. and Testa, M. and Teuscher, R. J. and Thaler, A. and Theiner, O. and Themistokleous, N. and Theveneaux-Pelzer, T. and Thielmann, O. and Thomas, D. W. and Thomas, J. P. and Thompson, E. A. and Thompson, P. D. and Thomson, E. and Tian, Y. and Tikhomirov, V. and Tikhonov, Yu. A. and Timoshenko, S. and Timoshyn, D. and Ting, E. X. L. and Tipton, P. and Tlou, S. H. and Tnourji, A. and Todome, K. and Todorova-Nova, S. and Todt, S. and Togawa, M. and Tojo, J. and Tok\'ar, S. and Tokushuku, K. and Toldaiev, O. and Tombs, R. and Tomoto, M. and Tompkins, L. and Topolnicki, K. W. and Torrence, E. and Torres, H. and Torr\'o Pastor, E. and Toscani, M. and Tosciri, C. and Tost, M. and Tovey, D. R. and Traeet, A. and Trandafir, I. S. and Trefzger, T. and Tricoli, A. and Trigger, I. M. and Trincaz-Duvoid, S. and Trischuk, D. A. and Trocm\'e, B. and Troncon, C. and Truong, L. and Trzebinski, M. and Trzupek, A. and Tsai, F. and Tsai, M. and Tsiamis, A. and Tsiareshka, P. V. and Tsigaridas, S. and Tsirigotis, A. and Tsiskaridze, V. and Tskhadadze, E. G. and Tsopoulou, M. and Tsujikawa, Y. and Tsukerman, I. I. and Tsulaia, V. and Tsuno, S. and Tsur, O. and Tsuri, K. and Tsybychev, D. and Tu, Y. and Tudorache, A. and Tudorache, V. and Tuna, A. N. and Turchikhin, S. and Turk Cakir, I. and Turra, R. and Turtuvshin, T. and Tuts, P. M. and Tzamarias, S. and Tzanis, P. and Tzovara, E. and Uchida, K. and Ukegawa, F. and Ulloa Poblete, P. A. and Umaka, E. N. and Unal, G. and Unal, M. and Undrus, A. and Unel, G. and Urban, J. and Urquijo, P. and Usai, G. and Ushioda, R. and Usman, M. and Uysal, Z. and Vacavant, L. and Vacek, V. and Vachon, B. and Vadla, K. O. H. and Vafeiadis, T. and Vaitkus, A. and Valderanis, C. and Valdes Santurio, E. and Valente, M. and Valentinetti, S. and Valero, A. and Valiente Moreno, E. and Vallier, A. and Valls Ferrer, J. A. and Van Arneman, D. R. and Van Daalen, T. R. and Van Der Graaf, A. and Van Gemmeren, P. and Van Rijnbach, M. and Van Stroud, S. and Van Vulpen, I. and Vanadia, M. and Vandelli, W. and Vandenbroucke, M. and Vandewall, E. R. and Vannicola, D. and Vannoli, L. and Vari, R. and Varnes, E. W. and Varni, C. and Varol, T. and Varouchas, D. and Varriale, L. and Varvell, K. E. and Vasile, M. E. and Vaslin, L. and Vasquez, G. A. and Vazeille, F. and Vazquez Schroeder, T. and Veatch, J. and Vecchio, V. and Veen, M. J. and Veliscek, I. and Veloce, L. M. and Veloso, F. and Veneziano, S. and Ventura, A. and Verbytskyi, A. and Verducci, M. and Vergis, C. and Verissimo De Araujo, M. and Verkerke, W. and Vermeulen, J. C. and Vernieri, C. and Verschuuren, P. J. and Vessella, M. and Vetterli, M. C. and Vgenopoulos, A. and Viaux Maira, N. and Vickey, T. and Vickey Boeriu, O. E. and Viehhauser, G. H. A. and Vigani, L. and Villa, M. and Villaplana Perez, M. and Villhauer, E. M. and Vilucchi, E. and Vincter, M. G. and Virdee, G. S. and Vishwakarma, A. and Visibile, A. and Vittori, C. and Vivarelli, I. and Vladimirov, V. and Voevodina, E. and Vogel, F. and Vokac, P. and Von Ahnen, J. and Von Toerne, E. and Vormwald, B. and Vorobel, V. and Vorobev, K. and Vos, M. and Voss, K. and Vossebeld, J. H. and Vozak, M. and Vozdecky, L. and Vranjes, N. and Vranjes Milosavljevic, M. and Vreeswijk, M. and Vu, N. K. and Vuillermet, R. and Vujinovic, O. and Vukotic, I. and Wada, S. and Wagner, C. and Wagner, J. M. and Wagner, W. and Wahdan, S. and Wahlberg, H. and Wakasa, R. and Wakida, M. and Walder, J. and Walker, R. and Walkowiak, W. and Wall, A. and Wamorkar, T. and Wang, A. Z. and Wang, C. and Wang, C. and Wang, H. and Wang, J. and Wang, R.-J. and Wang, R. and Wang, R. and Wang, S. M. and Wang, S. and Wang, T. and Wang, W. T. and Wang, X. and Wang, X. and Wang, X. and Wang, Y. and Wang, Y. and Wang, Z. and Wang, Z. and Wang, Z. and Warburton, A. and Ward, R. J. and Warrack, N. and Watson, A. T. and Watson, H. and Watson, M. F. and Watton, E. and Watts, G. and Waugh, B. M. and Weber, C. and Weber, H. A. and Weber, M. S. and Weber, S. M. and Wei, C. and Wei, Y. and Weidberg, A. R. and Weik, E. J. and Weingarten, J. and Weirich, M. and Weiser, C. and Wells, C. J. and Wenaus, T. and Wendland, B. and Wengler, T. and Wenke, N. S. and Wermes, N. and Wessels, M. and Whalen, K. and Wharton, A. M. and White, A. S. and White, A. and White, M. J. and Whiteson, D. and Wickremasinghe, L. and Wiedenmann, W. and Wiel, C. and Wielers, M. and Wiglesworth, C. and Wilbern, D. J. and Wilkens, H. G. and Williams, D. M. and Williams, H. H. and Williams, S. and Willocq, S. and Wilson, B. J. and Windischhofer, P. J. and Winkel, F. I. and Winklmeier, F. and Winter, B. T. and Winter, J. K. and Wittgen, M. and Wobisch, M. and Wolffs, Z. and W\"olker, R. and Wollrath, J. and Wolter, M. W. and Wolters, H. and Wongel, A. F. and Worm, S. D. and Wosiek, B. K. and Wo\ifmmode \acute{z}\else \'{z}\fi{}niak, K. W. and Wozniewski, S. and Wraight, K. and Wu, C. and Wu, J. and Wu, M. and Wu, M. and Wu, S. L. and Wu, X. and Wu, Y. and Wu, Z. and Wuerzinger, J. and Wyatt, T. R. and Wynne, B. M. and Xella, S. and Xia, L. and Xia, M. and Xiang, J. and Xiao, X. and Xie, M. and Xie, X. and Xin, S. and Xiong, J. and Xu, D. and Xu, H. and Xu, L. and Xu, R. and Xu, T. and Xu, Y. and Xu, Z. and Xu, Z. and Yabsley, B. and Yacoob, S. and Yamaguchi, N. and Yamaguchi, Y. and Yamashita, E. and Yamauchi, H. and Yamazaki, T. and Yamazaki, Y. and Yan, J. and Yan, S. and Yan, Z. and Yang, H. J. and Yang, H. T. and Yang, S. and Yang, T. and Yang, X. and Yang, X. and Yang, Y. and Yang, Y. and Yang, Z. and Yao, W-M. and Yap, Y. C. and Ye, H. and Ye, H. and Ye, J. and Ye, S. and Ye, X. and Yeh, Y. and Yeletskikh, I. and Yeo, B. K. and Yexley, M. R. and Yin, P. and Yorita, K. and Younas, S. and Young, C. J. S. and Young, C. and Yu, Y. and Yuan, M. and Yuan, R. and Yue, L. and Zaazoua, M. and Zabinski, B. and Zaid, E. and Zakareishvili, T. and Zakharchuk, N. and Zambito, S. and Zamora Saa, J. A. and Zang, J. and Zanzi, D. and Zaplatilek, O. and Zeitnitz, C. and Zeng, H. and Zeng, J. C. and Zenger, D. T. and Zenin, O. and \ifmmode \check{Z}\else \v{Z}\fi{}eni\ifmmode \check{s}\else \v{s}\fi{}, T. and Zenz, S. and Zerradi, S. and Zerwas, D. and Zhai, M. and Zhang, B. and Zhang, D. F. and Zhang, J. and Zhang, J. and Zhang, K. and Zhang, L. and Zhang, P. and Zhang, R. and Zhang, S. and Zhang, T. and Zhang, X. and Zhang, X. and Zhang, Y. and Zhang, Y. and Zhang, Z. and Zhang, Z. and Zhao, H. and Zhao, P. and Zhao, T. and Zhao, Y. and Zhao, Z. and Zhemchugov, A. and Zheng, K. and Zheng, X. and Zheng, Z. and Zhong, D. and Zhou, B. and Zhou, H. and Zhou, N. and Zhou, Y. and Zhu, C. G. and Zhu, J. and Zhu, Y. and Zhu, Y. and Zhuang, X. and Zhukov, K. and Zhulanov, V. and Zimine, N. I. and Zinsser, J. and Ziolkowski, M. and \ifmmode \check{Z}\else \v{Z}\fi{}ivkovi\ifmmode \acute{c}\else \'{c}\fi{}, L. and Zoccoli, A. and Zoch, K. and Zorbas, T. G. and Zormpa, O. and Zou, W. and Zwalinski, L.},
  collaboration = {ATLAS Collaboration},
  journal = {Phys. Rev. D},
  volume = {108},
  issue = {7},
  pages = {072003},
  numpages = {52},
  year = {2023},
  month = {Oct},
  publisher = {American Physical Society},
  doi = {10.1103/PhysRevD.108.072003},
  url = {https://link.aps.org/doi/10.1103/PhysRevD.108.072003}
}

@article{Artoisenet_2013,
   title={A framework for Higgs characterisation},
   volume={2013},
   ISSN={1029-8479},
   url={http://dx.doi.org/10.1007/JHEP11(2013)043},
   DOI={10.1007/jhep11(2013)043},
   number={11},
   journal={Journal of High Energy Physics},
   publisher={Springer Science and Business Media LLC},
   author={Artoisenet, P. and de Aquino, P. and Demartin, F. and Frederix, R. and Frixione, S. and Maltoni, F. and Mandal, M. K. and Mathews, P. and Mawatari, K. and Ravindran, V. and Seth, S. and Torrielli, P. and Zaro, M.},
   year={2013},
   month=nov }

@misc{morph,
   author = {Wouter Verkerke, Nikhef},
   title = {{Introduction to morphing}},
   howpublished = "\url{https://indico.cern.ch/event/507948/contributions/2028505/attachments/1262169/1866169/atlas-hcomb-morphwshop-intro-v1.pdf}",
   note = "[Online; accessed 13-May-2024]"
 }   

@phdthesis{burgard,
  title        = {An Analysis of Example},
  author       = {John Smith},
  year         = 2022,
  month        = {June},
  address      = {Example City, CA},
  note         = {Available at \url{https://example.com/thesis.pdf}},
  school       = {University of Example},
  type         = {PhD thesis}
}

@article{ggf_paper,
   title={Measurements of differential cross sections of Higgs boson production through gluon fusion in the $$H\rightarrow WW^{*}\rightarrow e\nu \mu \nu $$ final state at $$\sqrt{s} = 13$$ TeV with the ATLAS detector},
   volume={83},
   ISSN={1434-6052},
   url={http://dx.doi.org/10.1140/epjc/s10052-023-11873-5},
   DOI={10.1140/epjc/s10052-023-11873-5},
   number={9},
   journal={The European Physical Journal C},
   publisher={Springer Science and Business Media LLC},
   author={Aad, G. and Abbott, B. and Abeling, K. and Abidi, S. H. and Aboulhorma, A. and Abramowicz, H. and Abreu, H. and Abulaiti, Y. and Hoffman, A. C. Abusleme and Acharya, B. S. and Bourdarios, C. Adam and Adamczyk, L. and Adamek, L. and Addepalli, S. V. and Adelman, J. and Adiguzel, A. and Adorni, S. and Adye, T. and Affolder, A. A. and Afik, Y. and Agaras, M. N. and Agarwala, J. and Aggarwal, A. and Agheorghiesei, C. and Aguilar-Saavedra, J. A. and Ahmad, A. and Ahmadov, F. and Ahmed, W. S. and Ahuja, S. and Ai, X. and Aielli, G. and Tamlihat, M. Ait and Aitbenchikh, B. and Aizenberg, I. and Akbiyik, M. and Åkesson, T. P. A. and Akimov, A. V. and Khoury, K. Al and Alberghi, G. L. and Albert, J. and Albicocco, P. and Alderweireldt, S. and Aleksa, M. and Aleksandrov, I. N. and Alexa, C. and Alexopoulos, T. and Alfonsi, A. and Alfonsi, F. and Alhroob, M. and Ali, B. and Ali, S. and Aliev, M. and Alimonti, G. and Alkakhi, W. and Allaire, C. and Allbrooke, B. M. M. and Flores, C. A. Allendes and Allport, P. P. and Aloisio, A. and Alonso, F. and Alpigiani, C. and Estevez, M. Alvarez and Fernandez, A. Alvarez and Alviggi, M. G. and Aly, M. and Coutinho, Y. Amaral and Ambler, A. and Amelung, C. and Amerl, M. and Ames, C. G. and Amidei, D. and Dos Santos, S. P. Amor and Amos, K. R. and Ananiev, V. and Anastopoulos, C. and Andeen, T. and Anders, J. K. and Andrean, S. Y. and Andreazza, A. and Angelidakis, S. and Angerami, A. and Anisenkov, A. V. and Annovi, A. and Antel, C. and Anthony, M. T. and Antipov, E. and Antonelli, M. and Antrim, D. J. A. and Anulli, F. and Aoki, M. and Aoki, T. and Pozo, J. A. Aparisi and Aparo, M. A. and Bella, L. Aperio and Appelt, C. and Aranzabal, N. and Ferraz, V. Araujo and Arcangeletti, C. and Arce, A. T. H. and Arena, E. and Arguin, J-F. and Argyropoulos, S. and Arling, J.-H. and Armbruster, A. J. and Arnaez, O. and Arnold, H. and Tame, Z. P. Arrubarrena and Artoni, G. and Asada, H. and Asai, K. and Asai, S. and Asbah, N. A. and Assahsah, J. and Assamagan, K. and Astalos, R. and Atkin, R. J. and Atkinson, M. and Atlay, N. B. and Atmani, H. and Atmasiddha, P. A. and Augsten, K. and Auricchio, S. and Auriol, A. D. and Austrup, V. A. and Avner, G. and Avolio, G. and Axiotis, K. and Azuelos, G. and Babal, D. and Bachacou, H. and Bachas, K. and Bachiu, A. and Backman, F. and Badea, A. and Bagnaia, P. and Bahmani, M. and Bailey, A. J. and Bailey, V. R. and Baines, J. T. and Bakalis, C. and Baker, O. K. and Bakos, E. and Gupta, D. Bakshi and Balasubramanian, R. and Baldin, E. M. and Balek, P. and Ballabene, E. and Balli, F. and Baltes, L. M. and Balunas, W. K. and Balz, J. and Banas, E. and Bandieramonte, M. and Bandyopadhyay, A. and Bansal, S. and Barak, L. and Barberio, E. L. and Barberis, D. and Barbero, M. and Barbour, G. and Barends, K. N. and Barillari, T. and Barisits, M-S. and Barklow, T. and Baron, P. and Moreno, D. A. Baron and Baroncelli, A. and Barone, G. and Barr, A. J. and Navarro, L. Barranco and Barreiro, F. and da Costa, J. Barreiro Guimarães and Barron, U. and Teixeira, M. G. Barros and Barsov, S. and Bartels, F. and Bartoldus, R. and Barton, A. E. and Bartos, P. and Basan, A. and Baselga, M. and Bashta, I. and Bassalat, A. and Basso, M. J. and Basson, C. R. and Bates, R. L. and Batlamous, S. and Batley, J. R. and Batool, B. and Battaglia, M. and Battulga, D. and Bauce, M. and Bauer, P. and Beacham, J. B. and Beau, T. and Beauchemin, P. H. and Becherer, F. and Bechtle, P. and Beck, H. P. and Becker, K. and Beddall, A. J. and Bednyakov, V. A. and Bee, C. P. and Beemster, L. J. and Beermann, T. A. and Begalli, M. and Begel, M. and Behera, A. and Behr, J. K. and Da Cruz E Silva, C. Beirao and Beirer, J. F. and Beisiegel, F. and Belfkir, M. and Bella, G. and Bellagamba, L. and Bellerive, A. and Bellos, P. and Beloborodov, K. and Belyaev, N. L. and Benchekroun, D. and Bendebba, F. and Benhammou, Y. and Benoit, M. and Bensinger, J. R. and Bentvelsen, S. and Beresford, L. and Beretta, M. and Kuutmann, E. Bergeaas and Berger, N. and Bergmann, B. and Beringer, J. and Berlendis, S. and Bernardi, G. and Bernius, C. and Bernlochner, F. U. and Berry, T. and Berta, P. and Berthold, A. and Bertram, I. A. and Bethke, S. and Betti, A. and Bevan, A. J. and Bhamjee, M. and Bhatta, S. and Bhattacharya, D. S. and Bhattarai, P. and Bhopatkar, V. S. and Bi, R. and Bianchi, R. M. and Biebel, O. and Bielski, R. and Biglietti, M. and Billoud, T. R. V. and Bindi, M. and Bingul, A. and Bini, C. and Biondini, A. and Birch-sykes, C. J. and Bird, G. A. and Birman, M. and Biros, M. and Bisanz, T. and Bisceglie, E. and Biswas, D. and Bitadze, A. and Bjørke, K. and Bloch, I. and Blocker, C. and Blue, A. and Blumenschein, U. and Blumenthal, J. and Bobbink, G. J. and Bobrovnikov, V. S. and Boehler, M. and Bogavac, D. and Bogdanchikov, A. G. and Bohm, C. and Boisvert, V. and Bokan, P. and Bold, T. and Bomben, M. and Bona, M. and Boonekamp, M. and Booth, C. D. and Borbély, A. G. and Borecka-Bielska, H. M. and Borgna, L. S. and Borissov, G. and Bortoletto, D. and Boscherini, D. and Bosman, M. and Sola, J. D. Bossio and Bouaouda, K. and Bouchhar, N. and Boudreau, J. and Bouhova-Thacker, E. V. and Boumediene, D. and Bouquet, R. and Boveia, A. and Boyd, J. and Boye, D. and Boyko, I. R. and Bracinik, J. and Brahimi, N. and Brandt, G. and Brandt, O. and Braren, F. and Brau, B. and Brau, J. E. and Brendlinger, K. and Brener, R. and Brenner, L. and Brenner, R. and Bressler, S. and Britton, D. and Britzger, D. and Brock, I. and Brooijmans, G. and Brooks, W. K. and Brost, E. and Brown, L. M. and Bruckler, T. L. and de Renstrom, P. A. Bruckman and Brüers, B. and Bruncko, D. and Bruni, A. and Bruni, G. and Bruschi, M. and Bruscino, N. and Buanes, T. and Buat, Q. and Buckley, A. G. and Budagov, I. A. and Bugge, M. K. and Bulekov, O. and Bullard, B. A. and Burdin, S. and Burgard, C. D. and Burger, A. M. and Burghgrave, B. and Burr, J. T. P. and Burton, C. D. and Burzynski, J. C. and Busch, E. L. and Büscher, V. and Bussey, P. J. and Butler, J. M. and Buttar, C. M. and Butterworth, J. M. and Buttinger, W. and Vazquez, C. J. Buxo and Buzykaev, A. R. and Cabras, G. and Urbán, S. Cabrera and Caforio, D. and Cai, H. and Cai, Y. and Cairo, V. M. M. and Cakir, O. and Calace, N. and Calafiura, P. and Calderini, G. and Calfayan, P. and Callea, G. and Caloba, L. P. and Calvet, D. and Calvet, S. and Calvet, T. P. and Calvetti, M. and Toro, R. Camacho and Camarda, S. and Munoz, D. Camarero and Camarri, P. and Camerlingo, M. T. and Cameron, D. and Camincher, C. and Campanelli, M. and Camplani, A. and Canale, V. and Canesse, A. and Bret, M. Cano and Cantero, J. and Cao, Y. and Capocasa, F. and Capua, M. and Carbone, A. and Cardarelli, R. and Cardenas, J. C. J. and Cardillo, F. and Carli, T. and Carlino, G. and Carlotto, J. I. and Carlson, B. T. and Carlson, E. M. and Carminati, L. and Carnesale, M. and Caron, S. and Carquin, E. and Carrá, S. and Carratta, G. and Argos, F. Carrio and Carter, J. W. S. and Carter, T. M. and Casado, M. P. and Casha, A. F. and Caspar, M. and Castiglia, E. G. and Castillo, F. L. and Garcia, L. Castillo and Gimenez, V. Castillo and Castro, N. F. and Catinaccio, A. and Catmore, J. R. and Cavaliere, V. and Cavalli, N. and Cavasinni, V. and Celebi, E. and Celli, F. and Centonze, M. S. and Cerny, K. and Cerqueira, A. S. and Cerri, A. and Cerrito, L. and Cerutti, F. and Cervelli, A. and Cesarini, G. and Cetin, S. A. and Chadi, Z. and Chakraborty, D. and Chala, M. and Chan, J. and Chan, W. Y. and Chapman, J. D. and Chargeishvili, B. and Charlton, D. G. and Charman, T. P. and Chatterjee, M. and Chekanov, S. and Chekulaev, S. V. and Chelkov, G. A. and Chen, A. and Chen, B. and Chen, B. and Chen, H. and Chen, H. and Chen, J. and Chen, J. and Chen, S. and Chen, S. J. and Chen, X. and Chen, X. and Chen, Y. and Cheng, C. L. and Cheng, H. C. and Cheong, S. and Cheplakov, A. and Cheremushkina, E. and Cherepanova, E. and Moursli, R. Cherkaoui El and Cheu, E. and Cheung, K. and Chevalier, L. and Chiarella, V. and Chiarelli, G. and Chiedde, N. and Chiodini, G. and Chisholm, A. S. and Chitan, A. and Chitishvili, M. and Chizhov, M. V. and Choi, K. and Chomont, A. R. and Chou, Y. and Chow, E. Y. S. and Chowdhury, T. and Christopher, L. D. and Chu, K. L. and Chu, M. C. and Chu, X. and Chudoba, J. and Chwastowski, J. J. and Cieri, D. and Ciesla, K. M. and Cindro, V. and Ciocio, A. and Cirotto, F. and Citron, Z. H. and Citterio, M. and Ciubotaru, D. A. and Ciungu, B. M. and Clark, A. and Clark, P. J. and Columbie, J. M. Clavijo and Clawson, S. E. and Clement, C. and Clercx, J. and Clissa, L. and Coadou, Y. and Cobal, M. and Coccaro, A. and Barrue, R. F. Coelho and De Sa, R. Coelho Lopes and Coelli, S. and Cohen, H. and Coimbra, A. E. C. and Cole, B. and Collot, J. and Muiño, P. Conde and Connell, M. P. and Connell, S. H. and Connelly, I. A. and Conroy, E. I. and Conventi, F. and Cooke, H. G. and Cooper-Sarkar, A. M. and Cormier, F. and Corpe, L. D. and Corradi, M. and Corriveau, F. and Cortes-Gonzalez, A. and Costa, M. J. and Costanza, F. and Costanzo, D. and Cote, B. M. and Cowan, G. and Cowley, J. W. and Cranmer, K. and Crépé-Renaudin, S. and Crescioli, F. and Cristinziani, M. and Cristoforetti, M. and Croft, V. and Crosetti, G. and Cueto, A. and Donszelmann, T. Cuhadar and Cui, H. and Cui, Z. and Cunningham, W. R. and Curcio, F. and Czodrowski, P. and Czurylo, M. M. and Da Cunha Sargedas De Sousa, M. J. and Da Fonseca Pinto, J. V. and Da Via, C. and Dabrowski, W. and Dado, T. and Dahbi, S. and Dai, T. and Dallapiccola, C. and Dam, M. and D’amen, G. and D’Amico, V. and Damp, J. and Dandoy, J. R. and Daneri, M. F. and Danninger, M. and Dao, V. and Darbo, G. and Darmora, S. and Das, S. J. and D’Auria, S. and David, C. and Davidek, T. and Davis-Purcell, B. and Dawson, I. and De, K. and De Asmundis, R. and De Biase, N. and De Castro, S. and De Groot, N. and de Jong, P. and De la Torre, H. and De Maria, A. and De Salvo, A. and De Sanctis, U. and De Santo, A. and De Vivie De Regie, J. B. and Dedovich, D. V. and Degens, J. and Deiana, A. M. and Del Corso, F. and Del Peso, J. and Del Rio, F. and Deliot, F. and Delitzsch, C. M. and Della Pietra, M. and Della Volpe, D. and Dell’Acqua, A. and Dell’Asta, L. and Delmastro, M. and Delsart, P. A. and Demers, S. and Demichev, M. and Denisov, S. P. and D’Eramo, L. and Derendarz, D. and Derue, F. and Dervan, P. and Desch, K. and Dette, K. and Deutsch, C. and Di Bello, F. A. and Di Ciaccio, A. and Di Ciaccio, L. and Di Domenico, A. and Di Donato, C. and Di Girolamo, A. and Di Gregorio, G. and Di Luca, A. and Di Micco, B. and Di Nardo, R. and Diaconu, C. and Dias, F. A. and Vale, T. Dias Do and Diaz, M. A. and Capriles, F. G. Diaz and Didenko, M. and Diehl, E. B. and Diehl, L. and Cornell, S. Díez and Pardos, C. Diez and Dimitriadi, C. and Dimitrievska, A. and Dingfelder, J. and Dinu, I-M. and Dittmeier, S. J. and Dittus, F. and Djama, F. and Djobava, T. and Djuvsland, J. I. and Doglioni, C. and Dolejsi, J. and Dolezal, Z. and Donadelli, M. and Dong, B. and Donini, J. and D’Onofrio, A. and D’Onofrio, M. and Dopke, J. and Doria, A. and Dova, M. T. and Doyle, A. T. and Draguet, M. A. and Drechsler, E. and Dreyer, E. and Drivas-koulouris, I. and Drobac, A. S. and Drozdova, M. and Du, D. and du Pree, T. A. and Dubinin, F. and Dubovsky, M. and Duchovni, E. and Duckeck, G. and Ducu, O. A. and Duda, D. and Dudarev, A. and Duden, E. R. and D’uffizi, M. and Duflot, L. and Dührssen, M. and Dülsen, C. and Dumitriu, A. E. and Dunford, M. and Dungs, S. and Dunne, K. and Duperrin, A. and Yildiz, H. Duran and Düren, M. and Durglishvili, A. and Dwyer, B. L. and Dyckes, G. I. and Dyndal, M. and Dysch, S. and Dziedzic, B. S. and Earnshaw, Z. O. and Eckerova, B. and Eggebrecht, S. and Eggleston, M. G. and De Souza, E. Egidio Purcino and Ehrke, L. F. and Eigen, G. and Einsweiler, K. and Ekelof, T. and Ekman, P. A. and Ghazali, Y. El and Jarrari, H. El and Moussaouy, A. El and Ellajosyula, V. and Ellert, M. and Ellinghaus, F. and Elliot, A. A. and Ellis, N. and Elmsheuser, J. and Elsing, M. and Emeliyanov, D. and Enari, Y. and Ene, I. and Epari, S. and Erdmann, J. and Erland, P. A. and Errenst, M. and Escalier, M. and Escobar, C. and Etzion, E. and Evans, G. and Evans, H. and Evans, M. O. and Ezhilov, A. and Ezzarqtouni, S. and Fabbri, F. and Fabbri, L. and Facini, G. and Fadeyev, V. and Fakhrutdinov, R. M. and Falciano, S. and Coelho, L. F. Falda Ulhoa and Falke, P. J. and Falke, S. and Faltova, J. and Fan, Y. and Fang, Y. and Fanti, M. and Faraj, M. and Farazpay, Z. and Farbin, A. and Farilla, A. and Farooque, T. and Farrington, S. M. and Fassi, F. and Fassouliotis, D. and Giannelli, M. Faucci and Fawcett, W. J. and Fayard, L. and Federic, P. and Federicova, P. and Fedin, O. L. and Fedotov, G. and Feickert, M. and Feligioni, L. and Fell, A. and Fellers, D. E. and Feng, C. and Feng, M. and Feng, Z. and Fenton, M. J. and Fenyuk, A. B. and Ferencz, L. and Ferguson, R. A. M. and Luengo, S. I. Fernandez and Ferrando, J. and Ferrari, A. and Ferrari, P. and Ferrari, R. and Ferrere, D. and Ferretti, C. and Fiedler, F. and Filipčič, A. and Filmer, E. K. and Filthaut, F. and Fiolhais, M. C. N. and Fiorini, L. and Fischer, F. and Fisher, W. C. and Fitschen, T. and Fleck, I. and Fleischmann, P. and Flick, T. and Flores, L. and Flores, M. and Castillo, L. R. Flores and Follega, F. M. and Fomin, N. and Foo, J. H. and Forland, B. C. and Formica, A. and Forti, A. C. and Fortin, E. and Fortman, A. W. and Foti, M. G. and Fountas, L. and Fournier, D. and Fox, H. and Francavilla, P. and Francescato, S. and Franchellucci, S. and Franchini, M. and Franchino, S. and Francis, D. and Franco, L. and Franconi, L. and Franklin, M. and Frattari, G. and Freegard, A. C. and Freund, W. S. and Frid, Y. Y. and Fritzsche, N. and Froch, A. and Froidevaux, D. and Frost, J. A. and Fu, Y. and Fujimoto, M. and Torregrosa, E. Fullana and Fuster, J. and Gabrielli, A. and Gabrielli, A. and Gadow, P. and Gagliardi, G. and Gagnon, L. G. and Gallardo, G. E. and Gallas, E. J. and Gallop, B. J. and Goni, R. Gamboa and Gan, K. K. and Ganguly, S. and Gao, J. and Gao, Y. and Walls, F. M. Garay and Garcia, B. and García, C. and Navarro, J. E. García and Garcia-Sciveres, M. and Gardner, R. W. and Garg, D. and Garg, R. B. and Garner, C. A. and Gasiorowski, S. J. and Gaspar, P. and Gaudio, G. and Gautam, V. and Gauzzi, P. and Gavrilenko, I. L. and Gavrilyuk, A. and Gay, C. and Gaycken, G. and Gazis, E. N. and Geanta, A. A. and Gee, C. M. and Gemme, C. and Genest, M. H. and Gentile, S. and George, S. and George, W. F. and Geralis, T. and Gerlach, L. O. and Gessinger-Befurt, P. and Geyik, M. E. and Ghneimat, M. and Ghorbanian, K. and Ghosal, A. and Ghosh, A. and Ghosh, A. and Giacobbe, B. and Giagu, S. and Giannetti, P. and Giannini, A. and Gibson, S. M. and Gignac, M. and Gil, D. T. and Gilbert, A. K. and Gilbert, B. J. and Gillberg, D. and Gilles, G. and Gillwald, N. E. K. and Ginabat, L. and Gingrich, D. M. and Giordani, M. P. and Giraud, P. F. and Giugliarelli, G. and Giugni, D. and Giuli, F. and Gkialas, I. and Gladilin, L. K. and Glasman, C. and Gledhill, G. R. and Glisic, M. and Gnesi, I. and Go, Y. and Goblirsch-Kolb, M. and Gocke, B. and Godin, D. and Gokturk, B. and Goldfarb, S. and Golling, T. and Gololo, M. G. D. and Golubkov, D. and Gombas, J. P. and Gomes, A. and Da Silva, G. Gomes and Delegido, A. J. Gomez and Gonçalo, R. and Gonella, G. and Gonella, L. and Gongadze, A. and Gonnella, F. and Gonski, J. L. and Andana, R. Y. González and de la Hoz, S. González and Fernandez, S. Gonzalez and Lopez, R. Gonzalez and Renteria, C. Gonzalez and Suarez, R. Gonzalez and Gonzalez-Sevilla, S. and Rodriguez, G. R. Gonzalvo and Goossens, L. and Gorbounov, P. A. and Gorini, B. and Gorini, E. and Gorišek, A. and Goshaw, A. T. and Gostkin, M. I. and Goswami, S. and Gottardo, C. A. and Gouighri, M. and Goumarre, V. and Goussiou, A. G. and Govender, N. and Grabowska-Bold, I. and Graham, K. and Gramstad, E. and Grancagnolo, S. and Grandi, M. and Gratchev, V. and Gravila, P. M. and Gravili, F. G. and Gray, H. M. and Greco, M. and Grefe, C. and Gregor, I. M. and Grenier, P. and Grieco, C. and Grillo, A. A. and Grimm, K. and Grinstein, S. and Grivaz, J.-F. and Gross, E. and Grosse-Knetter, J. and Grud, C. and Grundy, J. C. and Guan, L. and Guan, W. and Gubbels, C. and Rojas, J. G. R. Guerrero and Guerrieri, G. and Guescini, F. and Gugel, R. and Guhit, J. A. M. and Guida, A. and Guillemin, T. and Guilloton, E. and Guindon, S. and Guo, F. and Guo, J. and Guo, L. and Guo, Y. and Gupta, R. and Gurbuz, S. and Gurdasani, S. S. and Gustavino, G. and Guth, M. and Gutierrez, P. and Zagazeta, L. F. Gutierrez and Gutschow, C. and Gwenlan, C. and Gwilliam, C. B. and Haaland, E. S. and Haas, A. and Habedank, M. and Haber, C. and Hadavand, H. K. and Hadef, A. and Hadzic, S. and Haines, E. H. and Haleem, M. and Haley, J. and Hall, J. J. and Hallewell, G. D. and Halser, L. and Hamano, K. and Hamdaoui, H. and Hamer, M. and Hamity, G. N. and Hampshire, E. J. and Han, J. and Han, K. and Han, L. and Han, L. and Han, S. and Han, Y. F. and Hanagaki, K. and Hance, M. and Hangal, D. A. and Hanif, H. and Hank, M. D. and Hankache, R. and Hansen, J. B. and Hansen, J. D. and Hansen, P. H. and Hara, K. and Harada, D. and Harenberg, T. and Harkusha, S. and Harris, Y. T. and Harrison, N. M. and Harrison, P. F. and Hartman, N. M. and Hartmann, N. M. and Hasegawa, Y. and Hasib, A. and Haug, S. and Hauser, R. and Havranek, M. and Hawkes, C. M. and Hawkings, R. J. and Hayashida, S. and Hayden, D. and Hayes, C. and Hayes, R. L. and Hays, C. P. and Hays, J. M. and Hayward, H. S. and He, F. and He, Y. and He, Y. and Heatley, N. B. and Hedberg, V. and Heggelund, A. L. and Hehir, N. D. and Heidegger, C. and Heidegger, K. K. and Heidorn, W. D. and Heilman, J. and Heim, S. and Heim, T. and Heinlein, J. G. and Heinrich, J. J. and Heinrich, L. and Hejbal, J. and Helary, L. and Held, A. and Hellesund, S. and Helling, C. M. and Hellman, S. and Helsens, C. and Henderson, R. C. W. and Henkelmann, L. and Correia, A. M. Henriques and Herde, H. and Jiménez, Y. Hernández and Herrmann, L. M. and Herrmann, T. and Herten, G. and Hertenberger, R. and Hervas, L. and Hessey, N. P. and Hibi, H. and Hillier, S. J. and Hinterkeuser, F. and Hirose, M. and Hirose, S. and Hirschbuehl, D. and Hitchings, T. G. and Hiti, B. and Hobbs, J. and Hobincu, R. and Hod, N. and Hodgkinson, M. C. and Hodkinson, B. H. and Hoecker, A. and Hofer, J. and Holm, T. and Holzbock, M. and Hommels, L. B. A. H. and Honan, B. P. and Hong, J. and Hong, T. M. and Honig, J. C. and Hooberman, B. H. and Hopkins, W. H. and Horii, Y. and Hou, S. and Howard, A. S. and Howarth, J. and Hoya, J. and Hrabovsky, M. and Hrynevich, A. and Hryn’ova, T. and Hsu, P. J. and Hsu, S.-C. and Hu, Q. and Hu, Y. F. and Huang, D. P. and Huang, S. and Huang, X. and Huang, Y. and Huang, Y. and Huang, Z. and Hubacek, Z. and Huebner, M. and Huegging, F. and Huffman, T. B. and Huhtinen, M. and Huiberts, S. K. and Hulsken, R. and Huseynov, N. and Huston, J. and Huth, J. and Hyneman, R. and Iacobucci, G. and Iakovidis, G. and Ibragimov, I. and Iconomidou-Fayard, L. and Iengo, P. and Iguchi, R. and Iizawa, T. and Ikegami, Y. and Ilg, A. and Ilic, N. and Imam, H. and Carlson, T. Ingebretsen and Introzzi, G. and Iodice, M. and Ippolito, V. and Ishino, M. and Islam, W. and Issever, C. and Istin, S. and Ito, H. and Ponce, J. M. Iturbe and Iuppa, R. and Ivina, A. and Izen, J. M. and Izzo, V. and Jacka, P. and Jackson, P. and Jacobs, R. M. and Jaeger, B. P. and Jagfeld, C. S. and Jain, P. and Jäkel, G. and Jakobs, K. and Jakoubek, T. and Jamieson, J. and Janas, K. W. and Jaspan, A. E. and Javurkova, M. and Jeanneau, F. and Jeanty, L. and Jejelava, J. and Jenni, P. and Jessiman, C. E. and Jézéquel, S. and Jia, C. and Jia, J. and Jia, X. and Jia, X. and Jia, Z. and Jiang, Y. and Jiggins, S. and Pena, J. Jimenez and Jin, S. and Jinaru, A. and Jinnouchi, O. and Johansson, P. and Johns, K. A. and Johnson, J. W. and Jones, D. M. and Jones, E. and Jones, P. and Jones, R. W. L. and Jones, T. J. and Joshi, R. and Jovicevic, J. and Ju, X. and Junggeburth, J. J. and Junkermann, T. and Rozas, A. Juste and Kabana, S. and Kaczmarska, A. and Kado, M. and Kagan, H. and Kagan, M. and Kahn, A. and Kahn, A. and Kahra, C. and Kaji, T. and Kajomovitz, E. and Kakati, N. and Kalderon, C. W. and Kamenshchikov, A. and Kanayama, S. and Kang, N. J. and Kar, D. and Karava, K. and Kareem, M. J. and Karentzos, E. and Karkanias, I. and Karpov, S. N. and Karpova, Z. M. and Kartvelishvili, V. and Karyukhin, A. N. and Kasimi, E. and Katzy, J. and Kaur, S. and Kawade, K. and Kawamoto, T. and Kawamura, G. and Kay, E. F. and Kaya, F. I. and Kazakos, S. and Kazanin, V. F. and Ke, Y. and Keaveney, J. M. and Keeler, R. and Kehris, G. V. and Keller, J. S. and Kelly, A. S. and Kelsey, D. and Kempster, J. J. and Kennedy, K. E. and Kennedy, P. D. and Kepka, O. and Kerridge, B. P. and Kersten, S. and Kerševan, B. P. and Keshri, S. and Keszeghova, L. and Haghighat, S. Ketabchi and Khandoga, M. and Khanov, A. and Kharlamov, A. G. and Kharlamova, T. and Khoda, E. E. and Khoo, T. J. and Khoriauli, G. and Khubua, J. and Khwaira, Y. A. R. and Kiehn, M. and Kilgallon, A. and Kim, D. W. and Kim, E. and Kim, Y. K. and Kimura, N. and Kirchhoff, A. and Kirfel, C. and Kirk, J. and Kiryunin, A. E. and Kishimoto, T. and Kisliuk, D. P. and Kitsaki, C. and Kivernyk, O. and Klassen, M. and Klein, C. and Klein, L. and Klein, M. H. and Klein, M. and Klein, S. B. and Klein, U. and Klimek, P. and Klimentov, A. and Klimpel, F. and Klioutchnikova, T. and Kluit, P. and Kluth, S. and Kneringer, E. and Knight, T. M. and Knue, A. and Kobayashi, R. and Kocian, M. and Kodyš, P. and Koeck, D. M. and Koenig, P. T. and Koffas, T. and Kolb, M. and Koletsou, I. and Komarek, T. and Köneke, K. and Kong, A. X. Y. and Kono, T. and Konstantinidis, N. and Konya, B. and Kopeliansky, R. and Koperny, S. and Korcyl, K. and Kordas, K. and Koren, G. and Korn, A. and Korn, S. and Korolkov, I. and Korotkova, N. and Kortman, B. and Kortner, O. and Kortner, S. and Kostecka, W. H. and Kostyukhin, V. V. and Kotsokechagia, A. and Kotwal, A. and Koulouris, A. and Kourkoumeli-Charalampidi, A. and Kourkoumelis, C. and Kourlitis, E. and Kovanda, O. and Kowalewski, R. and Kozanecki, W. and Kozhin, A. S. and Kramarenko, V. A. and Kramberger, G. and Kramer, P. and Krasny, M. W. and Krasznahorkay, A. and Kremer, J. A. and Kresse, T. and Kretzschmar, J. and Kreul, K. and Krieger, P. and Krishnamurthy, S. and Krivos, M. and Krizka, K. and Kroeninger, K. and Kroha, H. and Kroll, J. and Kroll, J. and Krowpman, K. S. and Kruchonak, U. and Krüger, H. and Krumnack, N. and Kruse, M. C. and Krzysiak, J. A. and Kuchinskaia, O. and Kuday, S. and Kuehn, S. and Kuesters, R. and Kuhl, T. and Kukhtin, V. and Kulchitsky, Y. and Kuleshov, S. and Kumar, M. and Kumari, N. and Kupco, A. and Kupfer, T. and Kupich, A. and Kuprash, O. and Kurashige, H. and Kurchaninov, L. L. and Kurochkin, Y. A. and Kurova, A. and Kuze, M. and Kvam, A. K. and Kvita, J. and Kwan, T. and Kyriacou, N. G. and Laatu, L. A. O. and Lacasta, C. and Lacava, F. and Lacker, H. and Lacour, D. and Lad, N. N. and Ladygin, E. and Laforge, B. and Lagouri, T. and Lai, S. and Lakomiec, I. K. and Lalloue, N. and Lambert, J. E. and Lammers, S. and Lampl, W. and Lampoudis, C. and Lancaster, A. N. and Lançon, E. and Landgraf, U. and Landon, M. P. J. and Lang, V. S. and Langenberg, R. J. and Lankford, A. J. and Lanni, F. and Lantzsch, K. and Lanza, A. and Lapertosa, A. and Laporte, J. F. and Lari, T. and Manghi, F. Lasagni and Lassnig, M. and Latonova, V. and Laudrain, A. and Laurier, A. and Lawlor, S. D. and Lawrence, Z. and Lazzaroni, M. and Le, B. and Boulicaut, E. M. Le and Leban, B. and Lebedev, A. and LeBlanc, M. and Ledroit-Guillon, F. and Lee, A. C. A. and Lee, G. R. and Lee, S. C. and Lee, S. and Lee, T. F. and Leeuw, L. L. and Lefebvre, H. P. and Lefebvre, M. and Leggett, C. and Lehmann, K. and Miotto, G. Lehmann and Leigh, M. and Leight, W. A. and Leisos, A. and Leite, M. A. L. and Leitgeb, C. E. and Leitner, R. and Leney, K. J. C. and Lenz, T. and Leone, S. and Leonidopoulos, C. and Leopold, A. and Leroy, C. and Les, R. and Lester, C. G. and Levchenko, M. and Levêque, J. and Levin, D. and Levinson, L. J. and Lewicki, M. P. and Lewis, D. J. and Li, A. and Li, B. and Li, C. and Li, C-Q. and Li, H. and Li, H. and Li, H. and Li, H. and Li, J. and Li, K. and Li, L. and Li, M. and Li, Q. Y. and Li, S. and Li, S. and Li, T. and Li, X. and Li, Z. and Li, Z. and Li, Z. and Li, Z. and Li, Z. and Liang, Z. and Liberatore, M. and Liberti, B. and Lie, K. and Marin, J. Lieber and Lien, H. and Lin, K. and Linck, R. A. and Lindley, R. E. and Lindon, J. H. and Linss, A. and Lipeles, E. and Lipniacka, A. and Lister, A. and Little, J. D. and Liu, B. and Liu, B. X. and Liu, D. and Liu, J. B. and Liu, J. K. K. and Liu, K. and Liu, M. and Liu, M. Y. and Liu, P. and Liu, Q. and Liu, X. and Liu, Y. and Liu, Y. L. and Liu, Y. W. and Merino, J. Llorente and Lloyd, S. L. and Lobodzinska, E. M. and Loch, P. and Loffredo, S. and Lohse, T. and Lohwasser, K. and Loiacono, E. and Lokajicek, M. and Long, J. D. and Longarini, I. and Longo, L. and Longo, R. and Paz, I. Lopez and Solis, A. Lopez and Lorenz, J. and Martinez, N. Lorenzo and Lory, A. M. and Lou, X. and Lou, X. and Lounis, A. and Love, J. and Love, P. A. and Lu, G. and Lu, M. and Lu, S. and Lu, Y. J. and Lubatti, H. J. and Luci, C. and Alves, F. L. Lucio and Lucotte, A. and Luehring, F. and Luise, I. and Lukianchuk, O. and Lundberg, O. and Lund-Jensen, B. and Luongo, N. A. and Lutz, M. S. and Lynn, D. and Lyons, H. and Lysak, R. and Lytken, E. and Lyubushkin, V. and Lyubushkina, T. and Lyukova, M. M. and Ma, H. and Ma, L. L. and Ma, Y. and Donell, D. M. Mac and Maccarrone, G. and MacDonald, J. C. and Madar, R. and Mader, W. F. and Maeda, J. and Maeno, T. and Maerker, M. and Maguire, H. and Maio, A. and Maj, K. and Majersky, O. and Majewski, S. and Makovec, N. and Maksimovic, V. and Malaescu, B. and Malecki, Pa. and Maleev, V. P. and Malek, F. and Malito, D. and Mallik, U. and Malone, C. and Maltezos, S. and Malyukov, S. and Mamuzic, J. and Mancini, G. and Manco, G. and Mandalia, J. P. and Mandić, I. and de Andrade Filho, L. Manhaes and Maniatis, I. M. and Ramos, J. Manjarres and Mankad, D. C. and Mann, A. and Mansoulie, B. and Manzoni, S. and Marantis, A. and Marchiori, G. and Marcisovsky, M. and Marcon, C. and Marinescu, M. and Marjanovic, M. and Marshall, E. J. and Marshall, Z. and Marti-Garcia, S. and Martin, T. A. and Martin, V. J. and dit Latour, B. Martin and Martinelli, L. and Martinez, M. and Agullo, P. Martinez and Outschoorn, V. I. Martinez and Suarez, P. Martinez and Martin-Haugh, S. and Martoiu, V. S. and Martyniuk, A. C. and Marzin, A. and Maschek, S. R. and Mascione, D. and Masetti, L. and Mashimo, T. and Masik, J. and Maslennikov, A. L. and Massa, L. and Massarotti, P. and Mastrandrea, P. and Mastroberardino, A. and Masubuchi, T. and Mathisen, T. and Matsuzawa, N. and Maurer, J. and Maček, B. and Maximov, D. A. and Mazini, R. and Maznas, I. and Mazza, M. and Mazza, S. M. and Ginn, C. Mc and Gowan, J. P. Mc and Kee, S. P. Mc and McDonald, E. F. and McDougall, A. E. and Mcfayden, J. A. and Mchedlidze, G. and Mckenzie, R. P. and Mclachlan, T. C. and Mclaughlin, D. J. and McLean, K. D. and McMahon, S. J. and McNamara, P. C. and Mcpartland, C. M. and McPherson, R. A. and Megy, T. and Mehlhase, S. and Mehta, A. and Melini, D. and Garcia, B. R. Mellado and Melo, A. H. and Meloni, F. and Da Costa, A. M. Mendes Jacques and Meng, H. Y. and Meng, L. and Menke, S. and Mentink, M. and Meoni, E. and Merlassino, C. and Merola, L. and Meroni, C. and Merz, G. and Meshkov, O. and Metcalfe, J. and Mete, A. S. and Meyer, C. and Meyer, J-P. and Middleton, R. P. and Mijović, L. and Mikenberg, G. and Mikestikova, M. and Mikuž, M. and Mildner, H. and Milic, A. and Milke, C. D. and Miller, D. W. and Miller, L. S. and Milov, A. and Milstead, D. A. and Min, T. and Minaenko, A. A. and Minashvili, I. A. and Mince, L. and Mincer, A. I. and Mindur, B. and Mineev, M. and Mino, Y. and Mir, L. M. and Lopez, M. Miralles and Mironova, M. and Missio, M. C. and Mitani, T. and Mitra, A. and Mitsou, V. A. and Miu, O. and Miyagawa, P. S. and Miyazaki, Y. and Mizukami, A. and Mkrtchyan, T. and Mlinarevic, M. and Mlinarevic, T. and Mlynarikova, M. and Mobius, S. and Mochizuki, K. and Moder, P. and Mogg, P. and Mohammed, A. F. and Mohapatra, S. and Mokgatitswane, G. and Mondal, B. and Mondal, S. and Mönig, K. and Monnier, E. and Romero, L. Monsonis and Berlingen, J. Montejo and Montella, M. and Monticelli, F. and Morange, N. and De Carvalho, A. L. Moreira and Llácer, M. Moreno and Martinez, C. Moreno and Morettini, P. and Morgenstern, S. and Morii, M. and Morinaga, M. and Morley, A. K. and Morodei, F. and Morvaj, L. and Moschovakos, P. and Moser, B. and Mosidze, M. and Moskalets, T. and Moskvitina, P. and Moss, J. and Moyse, E. J. W. and Mtintsilana, O. and Muanza, S. and Mueller, J. and Muenstermann, D. and Müller, R. and Mullier, G. A. and Mullin, J. J. and Mungo, D. P. and Martinez, J. L. Munoz and Perez, D. Munoz and Sanchez, F. J. Munoz and Murin, M. and Murray, W. J. and Murrone, A. and Muse, J. M. and Muškinja, M. and Mwewa, C. and Myagkov, A. G. and Myers, A. J. and Myers, A. A. and Myers, G. and Myska, M. and Nachman, B. P. and Nackenhorst, O. and Nag, A. and Nagai, K. and Nagano, K. and Nagle, J. L. and Nagy, E. and Nairz, A. M. and Nakahama, Y. and Nakamura, K. and Nanjo, H. and Narayan, R. and Narayanan, E. A. and Naryshkin, I. and Naseri, M. and Nass, C. and Navarro, G. and Navarro-Gonzalez, J. and Nayak, R. and Nayaz, A. and Nechaeva, P. Y. and Nechansky, F. and Nedic, L. and Neep, T. J. and Negri, A. and Negrini, M. and Nellist, C. and Nelson, C. and Nelson, K. and Nemecek, S. and Nessi, M. and Neubauer, M. S. and Neuhaus, F. and Neundorf, J. and Newhouse, R. and Newman, P. R. and Ng, C. W. and Ng, Y. W. Y. and Ngair, B. and Nguyen, H. D. N. and Nickerson, R. B. and Nicolaidou, R. and Nielsen, J. and Niemeyer, M. and Nikiforou, N. and Nikolaenko, V. and Nikolic-Audit, I. and Nikolopoulos, K. and Nilsson, P. and Ninca, I. and Nindhito, H. R. and Ninio, G. and Nisati, A. and Nishu, N. and Nisius, R. and Nitschke, J-E. and Nkadimeng, E. K. and Rosende, S. J. Noacco and Nobe, T. and Noel, D. L. and Noguchi, Y. and Nommensen, T. and Nomura, M. A. and Norfolk, M. B. and Norisam, R. R. B. and Norman, B. J. and Novak, J. and Novak, T. and Novotny, L. and Novotny, R. and Nozka, L. and Ntekas, K. and De Moura Junior, N. M. J. Nunes and Nurse, E. and Ocariz, J. and Ochi, A. and Ochoa, I. and Oerdek, S. and Offermann, J. T. and Ogrodnik, A. and Oh, A. and Ohm, C. C. and Oide, H. and Oishi, R. and Ojeda, M. L. and Okazaki, Y. and O’Keefe, M. W. and Okumura, Y. and Seabra, L. F. Oleiro and Pino, S. A. Olivares and Damazio, D. Oliveira and Goncalves, D. Oliveira and Oliver, J. L. and Olsson, M. J. R. and Olszewski, A. and Olszowska, J. and Öncel, Ö. O. and O’Neil, D. C. and O’Neill, A. P. and Onofre, A. and Onyisi, P. U. E. and Oreglia, M. J. and Orellana, G. E. and Orestano, D. and Orlando, N. and Orr, R. S. and O’Shea, V. and Ospanov, R. and Garzon, G. Otero y and Otono, H. and Ott, P. S. and Ottino, G. J. and Ouchrif, M. and Ouellette, J. and Ould-Saada, F. and Owen, M. and Owen, R. E. and Oyulmaz, K. Y. and Ozcan, V. E. and Ozturk, N. and Ozturk, S. and Pacey, H. A. and Pachal, K. and Pages, A. Pacheco and Aranda, C. Padilla and Padovano, G. and Griso, S. Pagan and Palacino, G. and Palazzo, A. and Palestini, S. and Pan, J. and Pan, T. and Panchal, D. K. and Pandini, C. E. and Vazquez, J. G. Panduro and Pang, H. and Pani, P. and Panizzo, G. and Paolozzi, L. and Papadatos, C. and Parajuli, S. and Paramonov, A. and Paraskevopoulos, C. and Hernandez, D. Paredes and Park, T. H. and Parker, M. A. and Parodi, F. and Parrish, E. W. and Parrish, V. A. and Parsons, J. A. and Parzefall, U. and Dias, B. Pascual and Dominguez, L. Pascual and Pasquali, F. and Pasqualucci, E. and Passaggio, S. and Pastore, F. and Pasuwan, P. and Patel, P. and Patel, U. M. and Pater, J. R. and Pauly, T. and Pearkes, J. and Pedersen, M. and Pedro, R. and Peleganchuk, S. V. and Penc, O. and Pender, E. A. and Peng, H. and Penski, K. E. and Penzin, M. and Peralva, B. S. and Peixoto, A. P. Pereira and Sanchez, L. Pereira and Perepelitsa, D. V. and Codina, E. Perez and Perganti, M. and Perini, L. and Pernegger, H. and Perrella, S. and Perrevoort, A. and Perrin, O. and Peters, K. and Peters, R. F. Y. and Petersen, B. A. and Petersen, T. C. and Petit, E. and Petousis, V. and Petridou, C. and Petrukhin, A. and Pettee, M. and Pettersson, N. E. and Petukhov, A. and Petukhova, K. and Peyaud, A. and Pezoa, R. and Pezzotti, L. and Pezzullo, G. and Pham, T. M. and Pham, T. and Phillips, P. W. and Phipps, M. W. and Piacquadio, G. and Pianori, E. and Piazza, F. and Piegaia, R. and Pietreanu, D. and Pilkington, A. D. and Pinamonti, M. and Pinfold, J. L. and Pereira, B. C. Pinheiro and Donaldson, C. Pitman and Pizzi, D. A. and Pizzimento, L. and Pizzini, A. and Pleier, M.-A. and Plesanovs, V. and Pleskot, V. and Plotnikova, E. and Poddar, G. and Poettgen, R. and Poggioli, L. and Pohl, D. and Pokharel, I. and Polacek, S. and Polesello, G. and Poley, A. and Polifka, R. and Polini, A. and Pollard, C. S. and Pollock, Z. B. and Polychronakos, V. and Pacchi, E. Pompa and Ponomarenko, D. and Pontecorvo, L. and Popa, S. and Popeneciu, G. A. and Quintero, D. M. Portillo and Pospisil, S. and Postolache, P. and Potamianos, K. and Potepa, P. A. and Potrap, I. N. and Potter, C. J. and Potti, H. and Poulsen, T. and Poveda, J. and Astigarraga, M. E. Pozo and Ibanez, A. Prades and Prapa, M. M. and Pretel, J. and Price, D. and Primavera, M. and Martin, M. A. Principe and Privara, R. and Proffitt, M. L. and Proklova, N. and Prokofiev, K. and Proto, G. and Protopopescu, S. and Proudfoot, J. and Przybycien, M. and Przygoda, W. W. and Puddefoot, J. E. and Pudzha, D. and Pyatiizbyantseva, D. and Qian, J. and Qichen, D. and Qin, Y. and Qiu, T. and Quadt, A. and Queitsch-Maitland, M. and Quetant, G. and Bolanos, G. Rabanal and Rafanoharana, D. and Ragusa, F. and Rainbolt, J. L. and Raine, J. A. and Rajagopalan, S. and Ramakoti, E. and Ran, K. and Rapheeha, N. P. and Raskina, V. and Rassloff, D. F. and Rave, S. and Ravina, B. and Ravinovich, I. and Raymond, M. and Read, A. L. and Readioff, N. P. and Rebuzzi, D. M. and Redlinger, G. and Reeves, K. and Reidelsturz, J. A. and Reikher, D. and Rej, A. and Rembser, C. and Renardi, A. and Renda, M. and Rendel, M. B. and Renner, F. and Rennie, A. G. and Resconi, S. and Ressegotti, M. and Resseguie, E. D. and Rettie, S. and Rivera, J. G. Reyes and Reynolds, B. and Reynolds, E. and Estabragh, M. Rezaei and Rezanova, O. L. and Reznicek, P. and Ribaric, N. and Ricci, E. and Richter, R. and Richter, S. and Richter-Was, E. and Ridel, M. and Ridouani, S. and Rieck, P. and Riedler, P. and Rijssenbeek, M. and Rimoldi, A. and Rimoldi, M. and Rinaldi, L. and Rinn, T. T. and Rinnagel, M. P. and Ripellino, G. and Riu, I. and Rivadeneira, P. and Vergara, J. C. Rivera and Rizatdinova, F. and Rizvi, E. and Rizzi, C. and Roberts, B. A. and Roberts, B. R. and Robertson, S. H. and Robin, M. and Robinson, D. and Gajardo, C. M. Robles and Manzano, M. Robles and Robson, A. and Rocchi, A. and Roda, C. and Bosca, S. Rodriguez and Garcia, Y. Rodriguez and Rodriguez, A. Rodriguez and Vera, A. M. Rodríguez and Roe, S. and Roemer, J. T. and Roepe-Gier, A. R. and Roggel, J. and Røhne, O. and Rojas, R. A. and Roland, B. and Roland, C. P. A. and Roloff, J. and Romaniouk, A. and Romano, E. and Romano, M. and Hernandez, A. C. Romero and Rompotis, N. and Roos, L. and Rosati, S. and Rosser, B. J. and Rossi, E. and Rossi, E. and Rossi, L. P. and Rossini, L. and Rosten, R. and Rotaru, M. and Rottler, B. and Rougier, C. and Rousseau, D. and Rousso, D. and Rovelli, G. and Roy, A. and Roy-Garand, S. and Rozanov, A. and Rozen, Y. and Ruan, X. and Jimenez, A. Rubio and Ruby, A. J. and Rivera, V. H. Ruelas and Ruggeri, T. A. and Rühr, F. and Ruiz-Martinez, A. and Rummler, A. and Rurikova, Z. and Rusakovich, N. A. and Russell, H. L. and Rutherfoord, J. P. and Rybacki, K. and Rybar, M. and Rye, E. B. and Ryzhov, A. and Iglesias, J. A. Sabater and Sabatini, P. and Sabetta, L. and Sadrozinski, H.F-W. and Tehrani, F. Safai and Samani, B. Safarzadeh and Safdari, M. and Saha, S. and Sahinsoy, M. and Saimpert, M. and Saito, M. and Saito, T. and Salamani, D. and Salnikov, A. and Salt, J. and Salas, A. Salvador and Salvatore, D. and Salvatore, F. and Salzburger, A. and Sammel, D. and Sampsonidis, D. and Sampsonidou, D. and Sánchez, J. and Pineda, A. Sanchez and Sebastian, V. Sanchez and Sandaker, H. and Sander, C. O. and Sandesara, J. A. and Sandhoff, M. and Sandoval, C. and Sankey, D. P. C. and Sano, T. and Sansoni, A. and Santi, L. and Santoni, C. and Santos, H. and Santpur, S. N. and Santra, A. and Saoucha, K. A. and Saraiva, J. G. and Sardain, J. and Sasaki, O. and Sato, K. and Sauer, C. and Sauerburger, F. and Sauvan, E. and Savard, P. and Sawada, R. and Sawyer, C. and Sawyer, L. and Galvan, I. Sayago and Sbarra, C. and Sbrizzi, A. and Scanlon, T. and Schaarschmidt, J. and Schacht, P. and Schaefer, D. and Schäfer, U. and Schaffer, A. C. and Schaile, D. and Schamberger, R. D. and Schanet, E. and Scharf, C. and Schefer, M. M. and Schegelsky, V. A. and Scheirich, D. and Schenck, F. and Schernau, M. and Scheulen, C. and Schiavi, C. and Schillaci, Z. M. and Schioppa, E. J. and Schioppa, M. and Schlag, B. and Schleicher, K. E. and Schlenker, S. and Schmeing, J. and Schmidt, M. A. and Schmieden, K. and Schmitt, C. and Schmitt, S. and Schoeffel, L. and Schoening, A. and Scholer, P. G. and Schopf, E. and Schott, M. and Schovancova, J. and Schramm, S. and Schroeder, F. and Schultz-Coulon, H-C. and Schumacher, M. and Schumm, B. A. and Schune, Ph. and Schwartz, H. R. and Schwartzman, A. and Schwarz, T. A. and Schwemling, Ph. and Schwienhorst, R. and Sciandra, A. and Sciolla, G. and Scuri, F. and Scutti, F. and Sebastiani, C. D. and Sedlaczek, K. and Seema, P. and Seidel, S. C. and Seiden, A. and Seidlitz, B. D. and Seitz, C. and Seixas, J. M. and Sekhniaidze, G. and Sekula, S. J. and Selem, L. and Semprini-Cesari, N. and Sen, S. and Sengupta, D. and Senthilkumar, V. and Serin, L. and Serkin, L. and Sessa, M. and Severini, H. and Sforza, F. and Sfyrla, A. and Shabalina, E. and Shaheen, R. and Shahinian, J. D. and Renous, D. Shaked and Shan, L. Y. and Shapiro, M. and Sharma, A. and Sharma, A. S. and Sharma, P. and Sharma, S. and Shatalov, P. B. and Shaw, K. and Shaw, S. M. and Shen, Q. and Sherwood, P. and Shi, L. and Shimmin, C. O. and Shimogama, Y. and Shinner, J. D. and Shipsey, I. P. J. and Shirabe, S. and Shiyakova, M. and Shlomi, J. and Shochet, M. J. and Shojaii, J. and Shope, D. R. and Shrestha, S. and Shrif, E. M. and Shroff, M. J. and Sicho, P. and Sickles, A. M. and Haddad, E. Sideras and Sidoti, A. and Siegert, F. and Sijacki, Dj. and Sikora, R. and Sili, F. and Silva, J. M. and Oliveira, M. V. Silva and Silverstein, S. B. and Simion, S. and Simoniello, R. and Simpson, E. L. and Simpson, H. and Simpson, L. R. and Simpson, N. D. and Simsek, S. and Sindhu, S. and Sinervo, P. and Singh, S. and Singh, S. and Sinha, S. and Sinha, S. and Sioli, M. and Siral, I. and Sivoklokov, S.Yu. and Sjölin, J. and Skaf, A. and Skorda, E. and Skubic, P. and Slawinska, M. and Smakhtin, V. and Smart, B. H. and Smiesko, J. and Smirnov, S.Yu. and Smirnov, Y. and Smirnova, L. N. and Smirnova, O. and Smith, A. C. and Smith, E. A. and Smith, H. A. and Smith, J. L. and Smith, R. and Smizanska, M. and Smolek, K. and Smykiewicz, A. and Snesarev, A. A. and Snoek, H. L. and Snyder, S. and Sobie, R. and Soffer, A. and Sanchez, C. A. Solans and Soldatov, E.Yu. and Soldevila, U. and Solodkov, A. A. and Solomon, S. and Soloshenko, A. and Solovieva, K. and Solovyanov, O. V. and Solovyev, V. and Sommer, P. and Sonay, A. and Song, W. Y. and Sonneveld, J. M. and Sopczak, A. and Sopio, A. L. and Sopkova, F. and Sothilingam, V. and Sottocornola, S. and Soualah, R. and Soumaimi, Z. and South, D. and Spagnolo, S. and Spalla, M. and Sperlich, D. and Spigo, G. and Spina, M. and Spinali, S. and Spiteri, D. P. and Spousta, M. and Staats, E. J. and Stabile, A. and Stamen, R. and Stamenkovic, M. and Stampekis, A. and Standke, M. and Stanecka, E. and Stange, M. V. and Stanislaus, B. and Stanitzki, M. M. and Stankaityte, M. and Stapf, B. and Starchenko, E. A. and Stark, G. H. and Stark, J. and Starko, D. M. and Staroba, P. and Starovoitov, P. and Stärz, S. and Staszewski, R. and Stavropoulos, G. and Steentoft, J. and Steinberg, P. and Stelzer, B. and Stelzer, H. J. and Stelzer-Chilton, O. and Stenzel, H. and Stevenson, T. J. and Stewart, G. A. and Stewart, J. R. and Stockton, M. C. and Stoicea, G. and Stolarski, M. and Stonjek, S. and Straessner, A. and Strandberg, J. and Strandberg, S. and Strauss, M. and Strebler, T. and Strizenec, P. and Ströhmer, R. and Strom, D. M. and Strom, L. R. and Stroynowski, R. and Strubig, A. and Stucci, S. A. and Stugu, B. and Stupak, J. and Styles, N. A. and Su, D. and Su, S. and Su, W. and Su, X. and Sugizaki, K. and Sulin, V. V. and Sullivan, M. J. and Sultan, D. M. S. and Sultanaliyeva, L. and Sultansoy, S. and Sumida, T. and Sun, S. and Sun, S. and Gudnadottir, O. Sunneborn and Sutton, M. R. and Svatos, M. and Swiatlowski, M. and Swirski, T. and Sykora, I. and Sykora, M. and Sykora, T. and Ta, D. and Tackmann, K. and Taffard, A. and Tafirout, R. and Vargas, J. S. Tafoya and Taibah, R. H. M. and Takashima, R. and Takeva, E. P. and Takubo, Y. and Talby, M. and Talyshev, A. A. and Tam, K. C. and Tamir, N. M. and Tanaka, A. and Tanaka, J. and Tanaka, R. and Tanasini, M. and Tang, J. and Tao, Z. and Araya, S. Tapia and Tapprogge, S. and Mohamed, A. Tarek Abouelfadl and Tarem, S. and Tariq, K. and Tarna, G. and Tartarelli, G. F. and Tas, P. and Tasevsky, M. and Tassi, E. and Tate, A. C. and Tateno, G. and Tayalati, Y. and Taylor, G. N. and Taylor, W. and Teagle, H. and Tee, A. S. and De Lima, R. Teixeira and Teixeira-Dias, P. and Teoh, J. J. and Terashi, K. and Terron, J. and Terzo, S. and Testa, M. and Teuscher, R. J. and Thaler, A. and Theiner, O. and Themistokleous, N. and Theveneaux-Pelzer, T. and Thielmann, O. and Thomas, D. W. and Thomas, J. P. and Thompson, E. A. and Thompson, P. D. and Thomson, E. and Thorpe, E. J. and Tian, Y. and Tikhomirov, V. and Tikhonov, Yu.A. and Timoshenko, S. and Ting, E. X. L. and Tipton, P. and Tlou, S. H. and Tnourji, A. and Todome, K. and Todorova-Nova, S. and Todt, S. and Togawa, M. and Tojo, J. and Tokár, S. and Tokushuku, K. and Toldaiev, O. and Tombs, R. and Tomoto, M. and Tompkins, L. and Topolnicki, K. W. and Tornambe, P. and Torrence, E. and Torres, H. and Pastor, E. Torró and Toscani, M. and Tosciri, C. and Tost, M. and Tovey, D. R. and Traeet, A. and Trandafir, I. S. and Trefzger, T. and Tricoli, A. and Trigger, I. M. and Trincaz-Duvoid, S. and Trischuk, D. A. and Trocmé, B. and Troncon, C. and Truong, L. and Trzebinski, M. and Trzupek, A. and Tsai, F. and Tsai, M. and Tsiamis, A. and Tsiareshka, P. V. and Tsigaridas, S. and Tsirigotis, A. and Tsiskaridze, V. and Tskhadadze, E. G. and Tsopoulou, M. and Tsujikawa, Y. and Tsukerman, I. I. and Tsulaia, V. and Tsuno, S. and Tsur, O. and Tsybychev, D. and Tu, Y. and Tudorache, A. and Tudorache, V. and Tuna, A. N. and Turchikhin, S. and Cakir, I. Turk and Turra, R. and Turtuvshin, T. and Tuts, P. M. and Tzamarias, S. and Tzanis, P. and Tzovara, E. and Uchida, K. and Ukegawa, F. and Poblete, P. A. Ulloa and Umaka, E. N. and Unal, G. and Unal, M. and Undrus, A. and Unel, G. and Urban, J. and Urquijo, P. and Usai, G. and Ushioda, R. and Usman, M. and Uysal, Z. and Vacavant, L. and Vacek, V. and Vachon, B. and Vadla, K. O. H. and Vafeiadis, T. and Vaitkus, A. and Valderanis, C. and Santurio, E. Valdes and Valente, M. and Valentinetti, S. and Valero, A. and Vallier, A. and Ferrer, J. A. Valls and Van Arneman, D. R. and Van Daalen, T. R. and Van Gemmeren, P. and Van Rijnbach, M. and Van Stroud, S. and Van Vulpen, I. and Vanadia, M. and Vandelli, W. and Vandenbroucke, M. and Vandewall, E. R. and Vannicola, D. and Vannoli, L. and Vari, R. and Varnes, E. W. and Varni, C. and Varol, T. and Varouchas, D. and Varriale, L. and Varvell, K. E. and Vasile, M. E. and Vaslin, L. and Vasquez, G. A. and Vazeille, F. and Schroeder, T. Vazquez and Veatch, J. and Vecchio, V. and Veen, M. J. and Veliscek, I. and Veloce, L. M. and Veloso, F. and Veneziano, S. and Ventura, A. and Verbytskyi, A. and Verducci, M. and Vergis, C. and De Araujo, M. Verissimo and Verkerke, W. and Vermeulen, J. C. and Vernieri, C. and Verschuuren, P. J. and Vessella, M. and Vetterli, M. C. and Vgenopoulos, A. and Maira, N. Viaux and Vickey, T. and Boeriu, O. E. Vickey and Viehhauser, G. H. A. and Vigani, L. and Villa, M. and Perez, M. Villaplana and Villhauer, E. M. and Vilucchi, E. and Vincter, M. G. and Virdee, G. S. and Vishwakarma, A. and Vittori, C. and Vivarelli, I. and Vladimirov, V. and Voevodina, E. and Vogel, F. and Vokac, P. and Von Ahnen, J. and Von Toerne, E. and Vormwald, B. and Vorobel, V. and Vorobev, K. and Vos, M. and Voss, K. and Vossebeld, J. H. and Vozak, M. and Vozdecky, L. and Vranjes, N. and Milosavljevic, M. Vranjes and Vreeswijk, M. and Vuillermet, R. and Vujinovic, O. and Vukotic, I. and Wada, S. and Wagner, C. and Wagner, J. M. and Wagner, W. and Wahdan, S. and Wahlberg, H. and Wakasa, R. and Wakida, M. and Walder, J. and Walker, R. and Walkowiak, W. and Wang, A. M. and Wang, A. Z. and Wang, C. and Wang, C. and Wang, H. and Wang, J. and Wang, R.-J. and Wang, R. and Wang, R. and Wang, S. M. and Wang, S. and Wang, T. and Wang, W. T. and Wang, X. and Wang, X. and Wang, X. and Wang, Y. and Wang, Y. and Wang, Z. and Wang, Z. and Wang, Z. and Warburton, A. and Ward, R. J. and Warrack, N. and Watson, A. T. and Watson, H. and Watson, M. F. and Watts, G. and Waugh, B. M. and Weber, C. and Weber, H. A. and Weber, M. S. and Weber, S. M. and Wei, C. and Wei, Y. and Weidberg, A. R. and Weik, E. J. and Weingarten, J. and Weirich, M. and Weiser, C. and Wells, C. J. and Wenaus, T. and Wendland, B. and Wengler, T. and Wenke, N. S. and Wermes, N. and Wessels, M. and Whalen, K. and Wharton, A. M. and White, A. S. and White, A. and White, M. J. and Whiteson, D. and Wickremasinghe, L. and Wiedenmann, W. and Wiel, C. and Wielers, M. and Wiglesworth, C. and Wiik-Fuchs, L. A. M. and Wilbern, D. J. and Wilkens, H. G. and Williams, D. M. and Williams, H. H. and Williams, S. and Willocq, S. and Wilson, B. J. and Windischhofer, P. J. and Winklmeier, F. and Winter, B. T. and Winter, J. K. and Wittgen, M. and Wobisch, M. and Wölker, R. and Wollrath, J. and Wolter, M. W. and Wolters, H. and Wong, V. W. S. and Wongel, A. F. and Worm, S. D. and Wosiek, B. K. and Woźniak, K. W. and Wraight, K. and Wu, J. and Wu, M. and Wu, M. and Wu, S. L. and Wu, X. and Wu, Y. and Wu, Z. and Wuerzinger, J. and Wyatt, T. R. and Wynne, B. M. and Xella, S. and Xia, L. and Xia, M. and Xiang, J. and Xiao, X. and Xie, M. and Xie, X. and Xin, S. and Xiong, J. and Xiotidis, I. and Xu, D. and Xu, H. and Xu, H. and Xu, L. and Xu, R. and Xu, T. and Xu, Y. and Xu, Z. and Xu, Z. and Yabsley, B. and Yacoob, S. and Yamaguchi, N. and Yamaguchi, Y. and Yamauchi, H. and Yamazaki, T. and Yamazaki, Y. and Yan, J. and Yan, S. and Yan, Z. and Yang, H. J. and Yang, H. T. and Yang, S. and Yang, T. and Yang, X. and Yang, X. and Yang, Y. and Yang, Y. and Yang, Z. and Yao, W-M. and Yap, Y. C. and Ye, H. and Ye, H. and Ye, J. and Ye, S. and Ye, X. and Yeh, Y. and Yeletskikh, I. and Yeo, B. K. and Yexley, M. R. and Yin, P. and Yorita, K. and Younas, S. and Young, C. J. S. and Young, C. and Yu, Y. and Yuan, M. and Yuan, R. and Yue, L. and Zaazoua, M. and Zabinski, B. and Zaid, E. and Zakareishvili, T. and Zakharchuk, N. and Zambito, S. and Saa, J. A. Zamora and Zang, J. and Zanzi, D. and Zaplatilek, O. and Zeitnitz, C. and Zeng, H. and Zeng, J. C. and Zenger, D. T. and Zenin, O. and Ženiš, T. and Zenz, S. and Zerradi, S. and Zerwas, D. and Zhai, M. and Zhang, B. and Zhang, D. F. and Zhang, J. and Zhang, J. and Zhang, K. and Zhang, L. and Zhang, P. and Zhang, R. and Zhang, S. and Zhang, T. and Zhang, X. and Zhang, X. and Zhang, Y. and Zhang, Z. and Zhang, Z. and Zhao, H. and Zhao, P. and Zhao, T. and Zhao, Y. and Zhao, Z. and Zhemchugov, A. and Zheng, X. and Zheng, Z. and Zhong, D. and Zhou, B. and Zhou, C. and Zhou, H. and Zhou, N. and Zhou, Y. and Zhu, C. G. and Zhu, H. L. and Zhu, J. and Zhu, Y. and Zhu, Y. and Zhuang, X. and Zhukov, K. and Zhulanov, V. and Zimine, N. I. and Zinsser, J. and Ziolkowski, M. and Živković, L. and Zoccoli, A. and Zoch, K. and Zorbas, T. G. and Zormpa, O. and Zou, W. and Zwalinski, L.},
   year={2023},
   month=sep }