@misc{kag_set,
  author       = {Zeyad Mashhour},
  title        = {Driver Inattention Detection Dataset},
  year         = {2024},
  url          = {https://www.kaggle.com/datasets/zeyad1mashhour/driver-inattention-detection-dataset},
  note         = {Accessed: 2024-07-19}
}

@misc{rob_set,
  author       = {Roboflow},
  title        = {Driver Monitoring Dataset},
  year         = {2024},
  url          = {https://universe.roboflow.com/driver-monitoring/dmd-tfiw0},
  note         = {Accessed: 2024-07-19}
}
